3270 4684
170 3299 227 3408 ,tl

70 3413 259 3582 nam

75 3745 83 3778 τ
221 3750 230 3790 ι

80 3807 137 3892 ὼῑ
225 3827 237 3856 τ

154 3857 240 3936 “wli

99 3901 141 3996 tl

769 493 983 548 „42-

286 655 381 730 ginem
406 656 577 713 comoediae
601 657 758 732 originalis,
788 676 873 731 quam
902 655 1085 712 adumbravit
1114 657 1168 712 iam
1194 657 1416 732 Kannegiesser
1445 653 1476 707 in

287 761 370 832 libro,
396 764 443 838 qui
467 763 630 821 inscribitur
652 762 978 862 ωε
995 765 1035 819 sn
1112 765 1117 775 '
1184 730 1438 758 Ν

286 887 430 945 quamque
452 871 666 946 quodammodo
690 885 805 927 secutus
828 882 872 927 est
892 869 1077 927 Gotloiredus
1095 871 1241 926 Hermann
1266 871 1292 925 in
1317 885 1471 926 commen-

287 977 405 1046 tatione,
441 996 526 1052 quam
561 978 598 1034 de
626 977 762 1034 Meinekii
790 976 915 1034 editione
944 976 1171 1052 fragmentorum
1195 977 1369 1034 comicorum
1395 992 1473 1031 con·

287 1085 411 1160 scripsit.
458 1083 517 1140 Sed
547 1085 643 1160 paullo
672 1085 786 1152 clarius,
822 1085 846 1140 si
874 1084 930 1141 hoc
959 1083 1035 1140 dictu
1065 1083 1109 1140 sas
1132 1097 1185 1152 est,
1210 1103 1247 1140 ex
1270 1095 1369 1140 nostra
1394 1100 1473 1140 con-

287 1190 473 1266 templatione
508 1210 613 1248 scenae
648 1191 775 1248 scurrilis
810 1204 876 1267 post
910 1191 1076 1268 parabasim
1105 1192 1178 1248 sitae
1201 1191 1392 1269 perspicietur
1418 1187 1471 1244 ille

288 1298 368 1354 locus
392 1298 675 1375 lexicographorum,
706 1299 732 1353 in
760 1316 817 1373 quo
841 1297 1058 1374 interpretando
1082 1297 1120 1354 G.
1146 1297 1303 1354 Hermanni
1326 1316 1361 1353 ea
1386 1314 1471 1352 com·

289 1393 426 1460 mentatio
461 1419 602 1460 versatur.
662 1405 829 1480 Priusquam
866 1405 903 1460 ad
939 1424 1002 1461 eum
1038 1405 1252 1462 retractandum
1288 1403 1470 1460 accedamus

289 1531 381 1586 pauca
406 1513 534 1588 praefari
557 1531 593 1570 ex
617 1532 648 1568 re
672 1513 736 1568 erit.

377 1610 484 1682 Ma
507 1619 677 1676 comoediae
692 1619 881 1695 primigenae,
907 1619 1066 1695 episodium
1082 1619 1120 1675 ad
1138 1619 1297 1696 episodium
1314 1615 1468 1674 asserendi

290 1727 373 1795 ratio,
410 1726 532 1782 maxime
567 1726 702 1802 opposita
737 1740 781 1784 cst
809 1744 903 1782 novae
927 1727 1096 1784 comoediae
1119 1727 1223 1783 rationi
1247 1724 1372 1782 fabulam
1397 1723 1468 1778 arti-

289 1831 387 1888 ficiose
411 1831 621 1907 contorquendi
643 1845 672 1888 et
695 1833 870 1890 resolvendi.
906 1834 937 1888 ln
962 1833 1175 1910 Aristophanis,
1201 1852 1275 1908 quae
1299 1843 1465 1908 supersunt,

290 1938 393 1996 sabulis
428 1951 519 1996 artem
555 1941 694 1996 uomicam
723 1939 760 1994 acl
790 1940 865 1996 illam
894 1939 1121 1996 artificiosiorem
1146 1939 1373 2016 complexionem
1398 1956 1467 2013 pro-

290 2045 373 2120 gredi
409 2045 547 2102 videmus.
607 2046 739 2120 Equites,
775 2045 887 2115 Nubes,
924 2047 1102 2121 Lysistrata,
1138 2046 1466 2122 ‘Phesmophoriazusae

291 2153 415 2209 fabulam
452 2153 630 2229 aliquatenus
665 2153 782 2230 politam
814 2153 961 2223 exhibent,
998 2152 1115 2229 Vespae
1143 2169 1172 2209 et
1200 2153 1300 2208 Ranae
1329 2153 1355 2208 in
1381 2149 1467 2208 binas

290 2274 390 2336 partes
425 2259 534 2316 divisae
569 2273 634 2316 sunt
668 2259 763 2316 obiter
798 2273 905 2316 tantum
934 2279 1090 2331 connexae,
1130 2259 1357 2316 Acharnensium
1381 2277 1463 2327 vern,

292 2368 384 2436 Pacis,
423 2367 536 2436 Avium,
574 2366 849 2436 Ecclesiazusarum,
879 2366 952 2422 Pluti
977 2368 1004 2422 id
1029 2379 1073 2423 est
1096 2367 1253 2443 proprium,
1283 2365 1360 2440 quod
1384 2365 1467 2441 prior

291 2493 361 2550 pars
385 2473 509 2529 fabulam
533 2475 603 2528 satis
627 2473 769 2530 excultam
795 2472 893 2542 habet,
918 2492 993 2547 quae
1017 2475 1044 2529 in
1060 2474 1152 2530 altera
1169 2486 1252 2549 parte
1269 2491 1325 2528 non
1341 2483 1463 2542 tenetur,

292 2582 359 2654 quia
383 2594 488 2656 poetae
513 2581 631 2636 interest
654 2579 720 2655 quid
751 2581 817 2636 utile
846 2581 934 2636 ducat
956 2581 998 2636 rei
1021 2579 1156 2656 publicae
1179 2578 1393 2657 spectatoribus
1417 2577 1465 2634 de·

293 2700 463 2744 monstrare.
513 2687 565 2742 His
600 2687 625 2741 in
663 2685 766 2743 sabulis
792 2687 1003 2763 Aristophanes
1038 2687 1074 2742 ad
1107 2706 1170 2743 eam
1195 2699 1286 2742 artem
1311 2687 1463 2762 processit,

293 2808 323 2851 nt
346 2795 564 2870 expositionem,
600 2813 685 2868 (luam
711 2793 839 2862 dicimus,
876 2793 1016 2870 perficiat,
1053 2793 1189 2869 neglegat
1212 2805 1319 2852 cetera.
1369 2792 1465 2866 Atque

293 2902 413 2958 eandem
450 2900 641 2977 componendi
671 2899 783 2956 fabulas
811 2901 951 2956 rationem
976 2903 1001 2956 in
1027 2900 1145 2956 Cratino
1169 2919 1233 2956 sese
1258 2899 1403 2955 Platonins
1427 2899 1465 2953 in-

295 3010 406 3064 venisse
431 3021 565 3064 testatur:
600 3007 718 3076 ιῦστοχοι
741 3004 769 3060 di
788 3008 824 3061 ὢν
843 3008 870 3060 ἐν
888 3010 945 3064 ταῖς
965 3008 1098 3078 ἐπιβολαῖς
1118 3011 1167 3060 τῶν
1186 3005 1327 3077 δραμάτων
1345 3011 1390 3058 καὶ
1409 3005 1465 3058 δια·

294 3119 394 3172 σκευαῖς
429 3149 465 3156 -
504 3115 612 3172 scilicet
641 3129 707 3171 ante
736 3114 902 3191 parabasim
929 3148 964 3154 —
995 3113 1050 3167 εἶτα
1079 3118 1177 3184 προιών
1204 3121 1249 3168 καὶ
1276 3113 1394 3168 διασπῶν
1419 3112 1467 3167 τὰς

294 3225 430 3280 ὑποθέσεις
449 3223 494 3275 οὐκ
513 3222 665 3280 ἀκολούθως
684 3222 781 3295 πληροῖ
797 3225 830 3275 τὰ
849 3221 972 3295 δράματα
1002 3255 1038 3262 -
1065 3223 1174 3277 scilicet
1197 3233 1264 3297 post
1287 3218 1463 3296 parabasim.

386 3331 501 3386 lamiam
537 3329 612 3384 illum
648 3325 739 3385 locum
777 3328 1048 3404 lexicographorum
1081 3328 1315 3404 contemplemur.
1364 3326 1467 3382 Exstat

295 3439 371 3514 apud
395 3438 526 3493 Suitltnn:
562 3437 705 3489 ἐπεισόδιον
727 3440 757 3489 τὸ
780 3433 816 3492 εἰς
838 3440 871 3489 τά
895 3437 1016 3509 δράματα
1040 3433 1208 3506 εἰσαγόμενον
1225 3436 1292 3488 κατὰ
1309 3435 1467 3506 προσθήκην

294 3553 339 3598 καὶ
358 3545 466 3612 αὔξησιν
484 3549 528 3598 τοῦ
548 3543 679 3616 δράματος
709 3556 738 3598 et
761 3544 858 3619 paullo
882 3543 969 3598 infra:
1001 3541 1145 3597 ἐπεισόδιον
1171 3543 1200 3596 τὸ
1227 3544 1410 3614 εὶσφερόμινον
1432 3541 1467 3605 τῷ

296 3651 409 3722 δράματι
427 3651 535 3720 γέλωτος
553 3655 628 3722 χάριν
647 3650 697 3714 ἔξω
715 3653 761 3716 τῆς
778 3652 928 3707 ὑποθέσεως
946 3650 987 3704 ὄν·
1007 3651 1214 3720 καταχρηστικῶς
1233 3647 1260 3702 δὲ
1279 3651 1308 3702 τὸ
1327 3647 1468 3716 ἐξαγώνιον

295 3755 367 3812 α’τιαν
385 3759 502 3828 πρᾶγμα.
546 3757 655 3814 Eadem
694 3758 826 3833 leguntur
860 3757 887 3811 in
923 3755 1048 3812 Beklteri
1084 3755 1227 3812 Anecdot.
1258 3775 1285 3832 p.
1311 3771 1325 3809 2
1333 3772 1383 3828 53,
1418 3770 1465 3828 19.

296 3863 443 3920 Simillima
472 3865 498 3919 in
527 3864 623 3937 Etym.
654 3865 692 3920 M.
722 3885 751 3940 p,
772 3863 848 3936 356:
879 3862 1022 3917 ἐπεισόδιον
1049 3865 1140 3933 κυρίως
1166 3863 1215 3932 μὲν
1241 3864 1271 3916 τὸ
1295 3861 1322 3915 ἐν
1344 3858 1467 3928 κῳμῳδίᾳ

296 3971 481 4042 ἐπιφερόμενον
503 3974 539 4039 τῷ
562 3969 675 4040 δράματι
698 3969 808 4040 γὲλιοτοτ
826 3973 901 4040 χάριν
920 3968 970 4034 ἔξω
988 3973 1033 4034 τῆς
1051 3971 1205 4026 ὑποθέσεως.
1252 3969 1290 4026 G.
1320 3969 1466 4024 Hermann

296 4077 370 4152 (Jen.
396 4078 503 4151 Lttztg.
528 4077 619 4147 1842,
644 4095 691 4132 no.
715 4074 796 4158 122),
822 4097 884 4132 cum
910 4075 1017 4132 docere
1041 4076 1109 4132 velit
1125 4077 1152 4132 in
1168 4075 1319 4132 comoedia
1335 4075 1466 4150 originali

297 4185 434 4260 parabasi
469 4199 498 4240 ct
532 4197 662 4240 actorum
700 4183 765 4240 ludo
796 4183 975 4240 interludium
1004 4183 1120 4258 aliquod
1149 4183 1345 4259 interpositum
1370 4180 1466 4250 luisse,
