3270 4684
802 500 1017 554 -.14-

315 679 374 734 qua
399 663 477 717 viros
501 662 603 717 doctos
626 661 665 716 uti
689 661 827 728 videmus,
853 679 909 716 non
933 675 976 718 est
1000 664 1160 733 toleranda,
1187 665 1355 721 Aristotelis
1376 661 1435 718 illa
1453 679 1529 716 sen-

317 768 406 824 tentia
430 787 494 824 cum
518 768 706 824 monumentis
730 767 876 824 conciliari
900 769 1114 842 quodammodo
1138 783 1243 848 potest.

406 875 470 930 Non
494 875 561 930 mihi
585 889 630 931 est
653 875 680 930 in
704 875 799 932 animo
823 893 921 932 eorum
945 875 1048 933 turbae
1069 878 1221 949 accedere,
1247 879 1294 952 qui
1311 878 1525 934 coniecturas
1611 851 1612 884 i

318 981 365 1036 alii
399 981 472 1037 aiias
499 981 659 1052 ediderunt,
696 981 763 1037 illud
791 981 976 1052 enucleaturi,
1012 1001 1161 1059 quousque
1189 999 1237 1042 aut
1263 983 1522 1042 Acharnensium

317 1105 365 1143 vv.
393 1105 566 1164 259-279
598 1107 661 1144 cum
685 1088 812 1159 scholiis,
849 1103 898 1145 aut
923 1089 1066 1147 Athenaei
1090 1092 1180 1149 verba
1205 1087 1286 1172 (xlv
1310 1091 1374 1148 622
1407 1089 1520 1164 c—d)
1611 1119 1612 1126 κ

318 1193 422 1251 idonea
446 1196 510 1264 sint,
540 1214 615 1270 quae
640 1195 842 1252 Aristoteleam
868 1198 1061 1253 coniecturam
1086 1198 1234 1266 illustrent,
1260 1199 1287 1254 id
1311 1213 1364 1268 est,
1394 1216 1520 1272 quous·
1611 1223 1612 1240 κ

318 1320 374 1375 que
408 1321 444 1359 ex
479 1303 513 1358 iis
544 1303 713 1359 comoediae
736 1303 915 1379 primigenae
939 1303 1052 1360 eluceat
1076 1305 1181 1382 imago,
1218 1325 1272 1362 nec
1295 1325 1356 1362 sum
1382 1305 1516 1380 quaesi·

318 1421 406 1480 turus,
442 1428 499 1484 quo
535 1424 665 1486 tempore
701 1429 766 1466 rure
795 1410 822 1464 in
850 1408 950 1466 urbem
979 1412 1118 1467 translata
1142 1413 1178 1468 sit
1201 1413 1362 1483 comoedia,
1402 1430 1514 1486 neque

317 1529 457 1588 quatenus
486 1515 577 1573 lorma
605 1515 759 1593 parabasis
788 1519 814 1573 in
842 1518 975 1594 phallicis
1010 1519 1064 1574 iam
1094 1520 1248 1576 constituta
1273 1519 1364 1590 luerit,
1403 1521 1511 1594 iisque

318 1623 432 1696 similia,
469 1643 505 1680 ea
539 1625 609 1680 satis
644 1637 731 1698 atque
754 1624 864 1682 affatim
892 1639 1017 1682 tractata
1040 1639 1105 1682 sunt
1116 1627 1145 1701 ¹).
1192 1628 1238 1684 De
1263 1627 1508 1685 Achamensium

317 1729 445 1806 phallico
469 1733 595 1788 carmine
619 1733 762 1788 assentior
778 1733 969 1807 Bernhardyo
990 1728 1194 1812 (Litt.·Gesch.
1221 1736 1291 1790 112.
1316 1755 1345 1811 p.
1364 1736 1446 1810 509)
1474 1747 1507 1791 et

318 1837 446 1912 Bergkio
461 1832 666 1917 (Litt.·Gesch.
685 1838 733 1894 lV.
758 1859 787 1915 p.
806 1835 847 1919 9),
873 1841 976 1897 deesse
999 1841 1025 1896 ei
1050 1841 1188 1898 dramatis
1211 1842 1381 1898 elementum
1397 1841 1504 1898 dicen·

318 1943 402 2004 tibus.
456 1944 541 2012 Quod
570 1941 674 2000 Semus
701 1945 801 2001 Delius
824 1947 901 2023 apud
926 1947 1107 2004 Athenaeum
1136 1946 1167 2024 (l.
1192 1969 1218 2009 c.
1244 1947 1337 2026 e-d)
1364 1947 1501 2025 phallica

317 2049 460 2123 quaedam
495 2051 642 2120 describit,
679 2051 776 2108 verbis
804 2071 872 2108 usus
895 2053 1033 2130 parabasi
1056 2055 1191 2131 propriis,
1223 2074 1259 2112 ex
1283 2056 1378 2111 animo
1401 2055 1500 2131 suspi-

318 2159 429 2214 cionem
452 2158 558 2214 eiicere
581 2177 638 2214 non
661 2177 778 2235 possum
803 2159 878 2216 illum
901 2162 1129 2235 grammaticum,
1155 2163 1202 2236 qui
1226 2160 1353 2236 Sicyone
1377 2161 1499 2218 inurbe

317 2264 425 2320 Dorica
450 2265 518 2320 talia
541 2265 645 2321 usitata
670 2267 755 2322 luisse
777 2264 894 2344 dicati),
919 2287 936 2323 a
954 2287 1024 2324 vero
1041 2269 1194 2325 deductum
1210 2288 1275 2326 esse
1291 2269 1448 2346 eupiditate
1466 2282 1498 2324 et

317 2371 412 2427 studio
436 2372 600 2428 Aristotelis
627 2373 796 2429 sententiam
826 2374 1032 2450 interpretandi
1061 2376 1109 2446 ita,
1145 2377 1228 2450 quasi
1251 2395 1287 2433 ex
1310 2377 1425 2432 Doricis
1448 2395 1496 2432 re-

317 2476 451 2552 gionibus
486 2478 637 2534 comoedia
671 2479 797 2555 phallica
832 2493 896 2536 orta
932 2479 1048 2555 esset3).
1096 2482 1288 2538 Phallicorum
1316 2501 1387 2539 vero
1411 2495 1496 2540 certo

318 2603 426 2659 genere
450 2597 516 2640 ante
540 2585 640 2641 oculos
664 2587 770 2662 posito,
797 2589 824 2643 in
848 2607 905 2661 quo
929 2606 1004 2662 quae
1020 2588 1121 2644 similia
1138 2603 1221 2645 erant
1238 2590 1406 2648 comoediae
1421 2593 1495 2647 anti-

318 2709 393 2765 quae
417 2692 532 2763 invenit,
559 2691 729 2750 Aristoteles
753 2693 791 2749 ad
816 2694 890 2750 illam
914 2695 1077 2770 opinionem
1098 2695 1239 2752 adductus
1254 2710 1308 2752 est.
1341 2698 1492 2766 Quaenam

318 2799 430 2868 luerint,
466 2800 490 2854 si
524 2801 649 2873 quaeris,
686 2819 742 2875 ego
778 2814 857 2857 certe
892 2802 1072 2858 saltationem
1107 2816 1137 2860 et
1164 2803 1316 2859 vellicandi
1344 2804 1494 2861 adstantes

392 3041 411 3106 ¹)
430 3047 523 3096 Eorum
543 3048 654 3106 nomina,
675 3048 717 3110 qui
736 3049 768 3096 de
781 3049 929 3098 comoediae
943 3050 1038 3112 origine
1052 3050 1215 3112 scripserunt,
1236 3051 1332 3100 confert
1345 3051 1490 3114 Bernhardy

279 3113 286 3201 l
319 3133 493 3200 (Litt-Gesch.
512 3135 565 3184 112.
586 3152 610 3202 p.
625 3135 696 3201 509),
721 3151 815 3197 eorum,
835 3137 877 3200 qui
897 3139 929 3186 de
947 3139 1066 3201 parabasi
1086 3139 1249 3201 quaestiones
1269 3138 1408 3196 ediderunt,
1432 3154 1490 3188 con·

281 3210 288 3274 l
318 3225 400 3288 gessit
418 3225 525 3274 Amoldt
544 3224 722 3288 (Chorpartien
742 3227 780 3275 bei
800 3228 985 3289 Aristophanes
1004 3243 1028 3290 p.
1047 3225 1114 3292 140).

390 3307 412 3378 ¹)
432 3314 542 3363 Eosdem
567 3315 615 3364 dici
640 3317 823 3378 phallophorns
842 3317 924 3365 Athen
938 3316 994 3366 XIV
1013 3318 1073 3367 (221.
1091 3332 1148 3380 sqq.
1168 3325 1243 3382 atque
1263 3318 1322 3367 622.
1343 3320 1408 3366 e-d
1428 3320 1492 3368 ultro

320 3408 430 3452 statuere
449 3403 541 3453 licebit.

389 3485 411 3553 ⁸)
430 3492 567 3540 Altercatio
593 3493 636 3542 illa
661 3492 775 3554 (aristot.
794 3495 863 3542 Pnet.
888 3495 952 3543 1448
972 3510 994 3542 a.
1016 3491 1069 3560 30).
1093 3501 1177 3544 utrum
1197 3495 1340 3554 Dorienses
1365 3511 1397 3545 an
1417 3496 1489 3546 Attici

319 3580 466 3630 comoediae
484 3580 594 3629 habendi
614 3582 665 3630 sint
685 3581 839 3641 inventores
859 3584 1080 3645 grammaticorum
1102 3585 1202 3632 animos
1215 3599 1247 3632 ne
1260 3585 1341 3647 magis
1356 3585 1490 3634 turbaverit

319 3683 415 3728 vereor,
434 3683 511 3732 quam
531 3670 607 3718 nobis
627 3687 657 3720 ex
677 3685 781 3734 operum
800 3687 887 3722 eorum
906 3673 977 3721 ruina
997 3687 1153 3736 cognoscere
1172 3674 1235 3723 licet.
1268 3673 1334 3723 Semi
1353 3675 1420 3722 illam
1439 3675 1490 3738 opi-

319 3759 421 3808 nionem
448 3759 517 3807 haud
545 3760 580 3808 ita
604 3761 758 3822 singularem
777 3761 857 3810 luisse
876 3763 1046 3825 Anthologiae
1065 3763 1193 3813 Palatinae
1212 3764 1366 3826 epigramma
1385 3768 1491 3812 testatur

317 3847 352 3896 XI
372 3848 403 3896 32
427 3865 454 3890 =
477 3863 515 3912 ep.
538 3850 560 3900 2.
581 3849 648 3898 1113.
668 3850 735 3899 lec:

532 3935 638 3998 Μούσης
657 3936 796 3998 voventur
816 3934 1011 4003 φιλοπαίγμονα
1030 3929 1116 4006 alleato
1137 3939 1243 4002 Βάκχος,

602 4017 623 4072 ὦ
642 4024 748 4084 Σικυὼν,
770 4023 797 4074 ἕν
817 4043 857 4074 σοι
875 4025 962 4090 κῶμον
982 4022 1052 4092 ἄγων
1071 4027 1203 4096 Χαρίτων,

531 4109 563 4161 di¹
582 4111 632 4178 γὰρ
652 4110 756 4180 ἔλεγχον
775 4112 824 4178 ἔχει
844 4113 1036 4181 >duumvirum
1055 4113 1083 4164 ἕν
1101 4135 1127 4167 ra
1146 4114 1235 4182 γέλωτι

604 4203 709 4270 κέντρον
728 4202 772 4267 sni
790 4203 899 4269 μεθύων
919 4202 997 4254 ἀστὸν
1017 4201 1195 4272 ἐσωφρόνισεν.
