3270 4684
219 707 387 764 heridamus.
437 711 482 766 An
506 723 585 766 recte
609 709 663 766 illis
687 709 844 766 comoediis
867 709 1091 784 appellationem
1115 711 1248 785 imposuit
1272 707 1391 766 »schla-

219 813 500 874 rafferikomtidienu?
532 817 606 874 Vide
629 816 696 892 quid
722 816 766 872 vir
789 816 891 871 doctus
914 815 1077 890 significare
1101 817 1168 872 velit
1192 835 1228 872 eo
1247 815 1390 872 vocabulo

216 916 259 998 (p.
288 926 353 996 ao):
394 921 454 980 »So
478 925 526 999 lag
550 943 582 980 es
606 923 681 980 denn
705 923 812 990 nabet,
850 922 947 997 inquit,
988 923 1104 979 »diesen
1127 923 1237 978 'l‘raum
1262 923 1304 1004 als
1328 939 1391 979 ver·

220 1028 364 1084 wirklicht
386 1029 421 1107 (!)
450 1031 500 1086 aul
526 1031 571 1087 die
600 1030 701 1086 Buhne
728 1049 762 1085 zu
791 1029 944 1103 bringen«.
993 1028 1032 1084 At
1060 1030 1169 1106 inspice
1195 1030 1389 1085 Athenaeum:

216 1241 263 1293 οίκ
282 1237 312 1307 ἦν
331 1245 386 1296 τότε
407 1241 505 1297 δούλοιν
523 1249 604 1314 χρεία,
623 1243 710 1298 τοιάδε
730 1241 878 1296 ἐκτίθενται
897 1241 950 1295 ντί..
983 1242 1059 1310 Quid
1084 1243 1170 1300 vero?
1209 1243 1392 1312 Διαλενάμενοι

218 1347 310 1403 verbo
333 1349 511 1424 significatur
534 1351 603 1406 nihil
626 1350 678 1406 nisi
703 1351 776 1426 ipso,
801 1351 848 1424 qui
873 1349 911 1404 ad
934 1365 1034 1426 partes
1050 1364 1180 1418 vocatur,
1207 1350 1271 1404 loco
1288 1361 1390 1425 poetas

216 1454 346 1528 singulos
382 1456 457 1513 illam
489 1456 651 1514 felicitatem
681 1455 884 1532 descripsisse,
921 1457 949 1511 id
976 1457 1053 1531 quod
1082 1456 1267 1513 confirmatur
1294 1455 1391 1511 verbis

220 1560 362 1618 Athenaei
398 1563 469 1620 infra
505 1564 690 1639 sequentibus
728 1563 789 1620 286
807 1564 850 1620 d.:
899 1564 948 1632 ε’γά
972 1563 1000 1616 δὲ
1023 1563 1110 1630 ἐπειδὴ
1133 1559 1219 1633 ὥσπερ
1242 1561 1392 1632 λαμπάδων

216 1671 419 1727 κατασείσαντος
437 1673 482 1724 τοῦ
499 1674 722 1740 θαυμασιωτάτου
735 1675 866 1740 Κρατίνου
885 1673 922 1723 τά
940 1673 1136 1740 προκείμενα
1156 1670 1212 1736 ἔπη
1231 1677 1274 1721 καὶ
1294 1667 1319 1722 οἱ
1335 1673 1391 1738 μετ’

216 1774 296 1826 αὐτὸν
318 1778 449 1844 γενόμενοι
473 1781 651 1846 μιμησάμενοι
675 1778 888 1848 ἐπεξειργάσαντο
909 1777 962 1830 κτλ·
1009 1777 1052 1832 Ea
1090 1779 1151 1852 ipsa
1186 1777 1280 1850 igitur,
1316 1793 1390 1848 quac

218 1881 421 1938 adscribuntur
458 1883 557 1952 rerba,
594 1884 630 1938 illi
655 1885 732 1940 vitae
756 1883 957 1959 depingendae
987 1883 1083 1940 dedita
1111 1897 1204 1950 erant,
1241 1883 1293 1938 etsi
1318 1882 1389 1948 aliis,

217 2005 303 2059 quam
328 1988 371 2058 iis,
396 2009 470 2064 quos
493 1991 647 2066 adscripsit
673 1989 850 2057 Athenaeus,
881 1990 952 2046 locis
981 1991 1079 2048 nescio
1103 2011 1160 2065 quo
1184 1989 1303 2046 consilio
1327 2007 1390 2044 eam

216 2109 323 2168 poetae
347 2095 492 2170 tetigerint
515 2096 564 2168 (cf.
590 2097 698 2153 Cratini
723 2097 756 2152 lr.
779 2095 849 2166 164.
874 2097 981 2172 Koclt).
1029 2097 1182 2154 Zielinskio
1206 2115 1277 2152 vero
1302 2117 1330 2171 p.
1350 2113 1385 2168 31

217 2199 255 2256 de
278 2201 375 2258 Persis
399 2203 584 2260 Pherecratis
608 2205 726 2260 dicenti:
767 2203 870 2260 nDoch
900 2203 935 2259 ist
965 2204 1011 2260 die
1035 2201 1171 2260 Scenerie
1202 2203 1262 2259 hier
1285 2202 1391 2258 anders

216 2307 261 2362 als
285 2309 312 2362 in
337 2309 391 2365 den
417 2308 551 2366 sriiheren
569 2310 731 2366 Komddien
755 2309 908 2366 derselben
925 2310 1080 2384 llichtung,
1106 2310 1158 2365 (las
1179 2310 1304 2384 goldene
1320 2309 1391 2364 Zeit-

217 2414 292 2470 alter
328 2415 399 2471 wird
434 2431 494 2473 erst
518 2417 560 2472 als
584 2416 800 2473 bevorstebentl
824 2416 1033 2490 geschilrlertu,
1070 2417 1146 2484 item,
1182 2416 1326 2484 obiiciant,
1364 2416 1390 2469 in

217 2522 336 2577 ceteris:
373 2541 490 2580 auream
526 2536 651 2580 aetatem
688 2537 736 2580 aut
770 2525 955 2599 praeteritam
991 2535 1097 2599 poetae
1127 2523 1306 2599 praedicant,
1343 2535 1391 2576 aut

183 2681 187 2688 ,
219 2626 340 2684 futuram
358 2629 460 2686 rident.
486 2630 531 2686 De
548 2631 712 2706 praeteritis
725 2629 903 2706 temporibus
916 2630 1039 2704 loquitur
1051 2629 1185 2686 Cratinus
1197 2628 1300 2704 fragm.
1321 2629 1356 2683 16
1362 2647 1389 2701 5,

216 2734 383 2792 ‘leleclides
411 2736 513 2812 fragm.
545 2757 569 2805 1,
600 2736 792 2792 Pherecrates
821 2736 923 2811 fragm.
955 2736 1028 2801 1083
1065 2736 1101 2796 de
1138 2734 1316 2812 temporibus
1352 2735 1391 2792 su-

218 2842 287 2898 turis
315 2843 439 2918 loquitur
466 2843 659 2900 Pherecrates
684 2843 785 2918 fragm.
809 2861 878 2916 130,
909 2843 1061 2918 Nicophon
1085 2843 1188 2918 fragm.
1212 2862 1258 2917 13,
1288 2842 1392 2898 Crates

218 2955 320 3024 lragm.
363 2967 409 3022 14.
470 2950 561 3006 Unum
597 2965 687 3006 restat
721 2949 984 3026 'l'huriopersarum
1021 2951 1183 3024 Metagenis
1218 2951 1320 3024 lragm.
1358 2949 1387 3004 6.

216 3056 376 3132 Quousque
392 3076 428 3114 eo
446 3058 608 3131 fragmento
624 3074 681 3125 res,
704 3075 779 3131 quae
796 3056 856 3112 steri
873 3075 992 3133 prorsus
1008 3075 1064 3113 non
1080 3070 1210 3133 possunt,
1228 3055 1392 3132 descriptae

216 3163 272 3218 sint
295 3163 427 3238 equidem
451 3165 559 3220 nescio.
594 3163 694 3233 Quare
717 3162 893 3220 subtiliorem
918 3183 1003 3238 quam
1020 3165 1242 3221 comminiscitur
1258 3162 1391 3219 Zielinski

217 3268 426 3327 distinctionem
443 3270 667 3340 comoediarum,
692 3289 765 3344 quas
781 3270 849 3325 dicit
869 3268 1246 3328 »Schlarallenkomddienu
1266 3271 1307 3345 (p.
1323 3268 1390 3342 67s.

219 3377 286 3431 adn.
307 3373 380 3457 η),
406 3379 486 3452 sequi
510 3397 632 3453 nequeo.

306 3485 440 3554 Causam,
477 3505 561 3558 quam
593 3485 632 3540 ad
655 3485 928 3558 redintegrationem
952 3501 1032 3539 suam
1057 3483 1217 3560 Caprarum
1243 3482 1392 3557 Eupolidis

216 3591 398 3666 probandam
416 3591 550 3648 Zielinski
573 3591 693 3669 profert,
720 3591 756 3647 de
778 3590 927 3667 Eupolidis
951 3590 1053 3665 fragm.
1078 3609 1112 3645 to
1135 3589 1280 3646 scribens:
1311 3591 1392 3646 »Nun

215 3715 356 3772 vergesse
373 3717 438 3754 man
455 3699 543 3769 nicht,
570 3699 638 3755 dass
655 3699 700 3754 die
717 3699 824 3774 Ziegen
841 3697 892 3754 des
909 3697 1004 3754 Chors
1020 3697 1081 3753 sich
1098 3696 1150 3752 aul
1162 3697 1214 3752 der
1230 3696 1391 3753 Orchestra

217 3805 370 3874 belanden,
395 3805 437 3861 sie
462 3805 576 3861 konnen
600 3807 662 3862 also
683 3806 761 3862 nicht
777 3807 904 3881 gemeint
919 3807 1011 3874 seint,
1037 3823 1100 3860 eam
1118 3817 1184 3879 post
1200 3804 1392 3881 Doerpleldtii

217 3913 329 3970 litteras
364 3911 401 3967 ad
437 3911 506 3968 Alb.
539 3912 706 3969 Muellerum
743 3913 826 3967 datas
861 3911 1161 3988 (Bfihnenalterttlmer
1194 3931 1223 3987 p.
1254 3913 1329 3986 415)
1364 3927 1392 3967 et

216 4018 429 4076 Wilamowitzii
465 4018 693 4075 dissertationem
729 4019 840 4090 (Herm.
877 4019 960 4086 XXl,
997 4038 1025 4094 p.
1058 4019 1132 4092 597)
1162 4020 1293 4074 omittere
1325 4017 1391 4073 mihi

217 4126 311 4184 liceat.

306 4233 482 4290 Comoedias
511 4235 711 4309 paramythiae
740 4236 813 4290 inter
837 4247 951 4289 ceteros
974 4253 1058 4288 unum
1079 4233 1235 4309 praecipue
1259 4232 1392 4304 designat
