3270 4684
786 647 1001 702 ..26-

302 822 377 878 della
401 821 535 896 Scalla1),
560 825 606 898 qui
631 826 790 880 summatim
817 825 973 899 Arlequino
998 845 1072 900 quae
1097 827 1185 882 iocari
1210 829 1300 902 possit
1324 827 1479 902 significat.

302 933 332 986 ln
357 931 410 986 illis
433 949 548 1006 quoque
572 931 738 1000 comoediis,
764 949 836 1006 quas
861 934 1007 1006 congessit
1031 931 1220 1007 Gerhardi,²)
1250 933 1370 990 ludibria
1398 934 1482 990 ,lrle-

302 1039 379 1114 quini
406 1039 513 1115 passim
543 1037 712 1114 interposita
740 1053 814 1108 sunt,
844 1058 918 1114 quae
948 1041 974 1094 in
1003 1059 1082 1095 suum
1112 1059 1191 1096 usum
1217 1059 1252 1096 ex
1277 1043 1309 1096 iis
1333 1042 1481 1116 excerpsit

302 1141 513 1220 Strauitzky,⁸)
552 1145 756 1202 celeberrimus
797 1145 937 1202 inculator
977 1145 1218 1204 Vindohonensis.
1283 1147 1329 1203 nd
1367 1148 1479 1204 illarum

303 1255 424 1330 partium
448 1251 656 1309 similitudinem
681 1254 811 1329 proxime
828 1253 969 1308 accedunt
993 1251 1057 1308 illae
1081 1273 1195 1328 quoque
1211 1273 1317 1310 scenae
1333 1253 1478 1320 scurriles

302 1380 378 1436 quae
401 1375 539 1417 occurunt
565 1361 591 1414 in
616 1360 773 1416 comoediis
797 1379 937 1436 poparum
962 1375 1105 1436 apparatu
1129 1360 1251 1434 agendis
1276 1359 1481 1418 abactoribus

304 1465 555 1543 peregrinantibus
578 1485 631 1543 per
654 1467 770 1523 saecula
795 1467 928 1532 servatis
953 1484 1026 1540 quas
1050 1467 1167 1540 collegit
1191 1465 1327 1542 Engel.⁴)
1358 1467 1390 1524 ld
1407 1487 1479 1524 vero

303 1573 400 1630 differt
424 1575 497 1630 inter
521 1573 632 1629 fabulas
657 1573 710 1628 has
735 1587 763 1630 et
781 1573 1021 1649 Aristophanem,
1047 1573 1123 1647 quod
1141 1593 1203 1640 eae,
1229 1593 1303 1650 quae
1321 1593 1373 1651 per
1388 1589 1478 1630 totam

303 1680 429 1737 fabulam
457 1695 556 1756 partes
582 1701 649 1736 suas
672 1681 819 1748 sustinent,
856 1697 998 1755 personae
1023 1698 1080 1737 non
1103 1699 1198 1736 novae
1221 1681 1363 1756 quaedam
1388 1697 1416 1737 et
1440 1682 1478 1737 ad

305 1789 361 1845 hoc
384 1787 475 1844 solum
501 1787 633 1843 inductae
657 1787 779 1843 ludibria
804 1787 968 1843 ioculatoris
991 1785 1122 1844 subeunt.
1156 1787 1246 1844 'Pales
1270 1787 1391 1844 fabellas
1414 1808 1478 1844 cum

304 1896 516 1970 investigemus,
547 1894 573 1949 in
597 1892 728 1968 qualibus
753 1913 846 1951 novae
871 1913 1014 1970 personae
1042 1896 1098 1952 alia
1123 1909 1188 1972 post
1212 1895 1295 1951 aliam
1321 1895 1358 1951 ad
1383 1909 1481 1971 prota-

303 2003 446 2076 gonistam
471 2015 649 2057 scurrantem
675 2001 826 2077 prodeunt,
857 2004 975 2079 propius
999 2003 1036 2059 ad
1060 2017 1186 2059 nostrum
1211 2003 1372 2078 exemplum
1397 2019 1480 2057 acce-

304 2109 373 2164 dunt
390 2109 582 2186 Hispanorum
602 2108 784 2164 Entremeses
808 2129 882 2182 (prae
907 2109 1046 2208 dicuntia,
1073 2111 1145 2165 inter
1168 2129 1243 2183 quae
1268 2109 1417 2165 interlodia
1441 2108 1478 2164 ad

304 2231 402 2293 partes
437 2235 512 2272 voco
536 2215 639 2292 lopae
663 2215 699 2270 de
725 2214 806 2290 Vega
843 2216 919 2284 illud,
957 2218 983 2272 in
1017 2237 1075 2292 quo
1104 2231 1221 2292 praeter
1244 2214 1349 2273 filiolae
1373 2233 1480 2291 procos

304 2337 420 2401 poetam
457 2322 562 2378 inducit
597 2320 844 2378 ridiculosissimos
874 2341 973 2378 versus
997 2317 1207 2398 condentem.⁶)
1254 2323 1378 2393 Goethe,
1415 2341 1478 2378 curn

305 2430 473 2488 comoediae
508 2429 657 2506 popularis
692 2428 837 2504 specimen
873 2449 1049 2506 componere
1078 2429 1173 2499 vellet,
1212 2431 1238 2484 in
1267 2429 1371 2486 labella
1400 2428 1481 2485 »Der

304 2536 472 2611 Jahrmarltt
507 2556 541 2590 zu
572 2535 829 2591 Plundersweilern
868 2537 969 2592 eadem
1006 2536 1156 2593 inducendi
1193 2555 1333 2612 personas
1368 2537 1480 2591 ratione

305 2665 371 2700 usus
387 2657 440 2699 est.
480 2643 589 2697 Halner
612 2638 694 2709 (Ges.
713 2639 867 2698 Schriften.
901 2642 987 2698 Wien
1016 2642 1108 2712 1812,
1134 2644 1146 2696 l
1169 2641 1199 2697 S.
1221 2641 1312 2718 79ff.)
1335 2642 1402 2697 nihil
1427 2642 1479 2696 nisi

306 2751 455 2827 parodiam
481 2749 651 2805 comoediae
675 2748 823 2824 popularis
846 2769 930 2823 quam
955 2749 1074 2804 dicimus
1103 2747 1376 2804 »Httoswurstiade«
1404 2768 1480 2804 eam-

305 2877 361 2932 oue
396 2855 616 2930 sublanguidam
645 2853 762 2918 effinxit,
793 2869 888 2930 aptam
914 2872 1019 2922 tamen,
1044 2873 1119 2930 ottae
1144 2855 1282 2910 eiusmodi
1307 2855 1479 2910 ludicrorum

305 2979 476 3019 structuram
512 2961 726 3036 ‹pttrdammodo
763 2962 889 3029 illustret,
926 2964 1032 3038 quippe
1067 2962 1144 3036 «prod
1181 2964 1207 3016 in
1236 2981 1271 3018 ea
1303 2963 1402 3017 sannio
1433 2962 1480 3016 ille

306 3073 413 3147 prinms
442 3083 539 3145 partes
567 3069 687 3124 sustinet
713 3085 742 3124 et
776 3069 847 3124 alias
883 3087 1022 3144 personas
1046 3071 1126 3142 quasi
1152 3083 1332 3124 transeuntes
1356 3067 1480 3124 ludibrio

307 3176 406 3232 habet.
439 3175 476 3231 Ut
501 3193 571 3230 vero
595 3191 692 3230 nostra
713 3191 808 3232 aetate
823 3175 1023 3251 Dicaeopolin,
1050 3175 1227 3250 'l‘rygaeum
1253 3175 1479 3230 Peisthetaerum

306 3297 469 3360 spectemus
493 3282 659 3356 sugillantes
683 3283 903 3358 sycophantam,
929 3297 1023 3338 vatem
1048 3283 1119 3338 alias
1137 3301 1277 3358 personas
1293 3282 1416 3357 typicas,
1441 3282 1479 3336 ad

307 3389 486 3446 comoediam
500 3387 579 3454 libris
592 3409 647 3443 non
661 3389 823 3444 mandatam
837 3389 919 3445 nohis
932 3405 975 3445 est
988 3389 1230 3445 descendendum.
1257 3387 1291 3442 R.
1306 3387 1344 3442 M.
1355 3386 1480 3444 Werner

308 3499 334 3552 in
359 3495 539 3572 praelatione
567 3496 603 3550 ad
628 3493 792 3551 Strauitzltii
818 3495 1048 3552 Vindohonensis
1073 3495 1166 3551 Ollam
1198 3494 1341 3570 putridam
1367 3515 1394 3570 p.
1414 3494 1478 3548 Xlll

382 3648 401 3715 ¹)
419 3653 436 3702 Il
456 3657 553 3702 theatri
572 3656 635 3702 delle
655 3654 738 3702 savoie
755 3659 946 3717 rnppresentate
959 3669 1055 3702 ovvero
1068 3655 1092 3701 ln
1106 3653 1266 3701 recreatione
1279 3653 1375 3700 comica
1390 3655 1478 3700 bosca·

308 3745 389 3792 receia
408 3751 432 3790 et
452 3745 554 3804 tragica.
593 3743 707 3805 Venedig
731 3745 803 3792 loll.

380 3827 400 3894 ²)
430 3832 463 3880 Le
491 3829 586 3881 the'sttre
616 3833 699 3881 italien
727 3849 760 3881 ou
790 3835 812 3882 le
840 3835 931 3882 recueil
959 3829 1062 3894 general
1086 3832 1117 3880 de
1142 3837 1227 3880 toules
1252 3834 1288 3882 les
1308 3829 1436 3880 eomedies
1455 3837 1480 3880 et

308 3918 403 3970 Selenes
427 3921 567 3986 franceises
587 3924 679 3984 jouees
698 3937 745 3984 par
763 3925 798 3970 les
818 3920 964 3971 comediens
984 3923 1086 3972 ltaliens
1111 3922 1145 3969 du
1166 3921 1228 3984 Roy,
1253 3923 1366 3983 pendent
1384 3927 1438 3968 tout
1458 3921 1481 3967 le

266 4067 267 4072 ,
308 4018 399 4074 temps,
418 4010 492 4073 qu’ils
511 4019 557 4058 ont
576 4007 615 4060 ete
634 4027 667 4059 au
687 4011 795 4060 Service.

379 4092 399 4162 ⁸)
430 4099 456 4150 R.
483 4099 517 4149 M.
546 4099 659 4159 Werner‚
689 4101 738 4148 Der
765 4100 868 4148 Wiener
895 4101 1058 4151 Hanswurst.
1105 4099 1161 4148 Olla
1190 4100 1290 4162 pottida
1316 4099 1363 4147 des
1391 4099 1479 4146 durch-

307 4189 469 4251 gettiebenen
490 4187 661 4237 l'uchsmundi
682 4203 732 4238 vnn
752 4191 773 4238 J.
793 4191 821 4237 Α.
843 4189 998 4252 Stranitzlty.
1038 4188 1152 4248 (Wiener
1171 4187 1323 4236 Neudruelte
1346 4183 1396 4250 10.)

378 4272 400 4338 ⁴)
421 4277 548 4326 Deutsche
568 4278 800 4340 Puppensomedie.
838 4277 987 4338 Oldenhurg
1011 4279 1083 4326 1874.

376 4362 400 4439 ᾗ)
439 4366 516 4429 Rapp,
537 4367 692 4431 Spanisches
710 4367 819 4416 Theater
838 4365 876 4421 IV.
897 4381 921 4428 p.
936 4367 994 4415 305.
