3270 4684
732 517 946 575 „34.‚

250 679 286 735 de
316 699 348 735 se
379 697 506 754 suaeque
535 680 633 756 poesis
661 679 708 736 via
736 698 771 735 ac
802 680 913 736 ratione
941 679 1103 755 exponendi
1132 678 1295 735 facultatem
1325 679 1421 735 datam

250 785 345 842 titisse.
393 785 465 841 Eam
490 786 591 861 ipsam,
617 799 699 842 extra
724 799 871 842 certamen
894 803 950 842 non
974 785 1082 855 datam,
1112 783 1166 840 sibi
1191 799 1296 861 poetae
1320 787 1421 842 comici

249 905 432 970 sumpserunt
460 911 513 968 pro
543 893 652 948 maiore
680 893 794 949 licentia
823 891 992 949 comoediae
1020 893 1047 949 in
1082 893 1238 948 certamine
1266 893 1339 968 ipso.
1391 890 1422 947 Si

250 1000 314 1075 quis
349 1001 562 1076 comparaverit
591 998 718 1056 Platonis
748 997 839 1055 verba
868 999 905 1055 de
930 998 1086 1073 Agathone
1110 997 1254 1054 adhihita:
1282 1041 1421 1060 .....

251 1105 397 1179 pupianus
420 1103 539 1159 ἐναντίου
560 1109 681 1159 τοοοὺτυυ
704 1109 828 1178 θεάτρου,
852 1105 991 1176 μέλλοντος
1014 1104 1199 1169 ἐπιδείξασθαι
1223 1109 1316 1160 σαυτοῦ
1335 1105 1425 1176 λόγους

251 1226 280 1269 et
304 1211 509 1288 Aristophanis
539 1212 566 1268 in
595 1211 732 1288 parabasi
761 1213 846 1268 Pacis
872 1227 948 1286 732:
981 1213 1056 1281 ἡμεῖς
1083 1207 1142 1265 Aah
1164 1215 1231 1266 τοῖσι
1254 1214 1371 1274 θεαταῖς,
1391 1210 1426 1278 ἢν
1452 1263 1457 1272 ,

252 1321 344 1389 llum
362 1317 423 1374 ὁδὸν
441 1320 525 1389 λόγων
543 1323 662 1388 cinopo,
690 1320 835 1394 utriusque
864 1318 954 1375 verba
991 1319 1066 1375 haud
1096 1318 1241 1376 dissimilia
1269 1338 1333 1375 esse
1364 1320 1425 1376 sine

254 1425 341 1484 (lubio
365 1427 477 1482 sentiet.

343 1534 502 1611 Anapaesti
526 1551 598 1590 vero
621 1533 685 1609 ipsi,
710 1534 776 1608 quin
801 1532 848 1588 illo
872 1532 937 1589 loco
954 1532 1031 1588 haud
1048 1533 1086 1589 ita
1102 1535 1209 1589 recenti
1226 1546 1322 1589 aetate
1338 1531 1425 1588 scribi

254 1641 349 1717 coepti
376 1641 441 1707 sint,
472 1659 535 1695 cum
560 1639 675 1696 dubium
700 1658 765 1696 esse
789 1659 845 1695 non
869 1640 970 1716 possit,
999 1639 1141 1714 equidem,
1171 1641 1237 1714 quia
1261 1640 1353 1696 omnis
1376 1657 1427 1714 ag-

255 1747 337 1803 minis
360 1759 579 1824 personaturum
604 1745 717 1802 videtur
732 1765 797 1802 esse
813 1765 881 1802 suas
898 1765 1039 1823 personas
1055 1745 1253 1822 spectantibus
1269 1745 1425 1823 explicare,

254 1855 443 1929 antiquiorem
467 1873 530 1910 eam
555 1855 693 1910 rationem
715 1852 799 1924 duco,
825 1873 882 1928 qua
897 1853 925 1908 in
944 1851 1054 1908 Avibus
1071 1865 1099 1908 et
1114 1852 1428 1929 Thesmophoriazusis

256 1961 469 2038 Aristophanes
491 1961 586 2029 utitur,
615 1978 730 2035 quaque
753 1959 876 2037 Eupolin
901 1961 928 2015 in
951 1959 1056 2036 Capris
1083 1977 1162 2015 usum
1187 1977 1252 2016 esse
1276 1977 1312 2015 ex
1334 1958 1366 2014 lr.
1390 1977 1426 2030 14

255 2067 393 2142 colligere
415 2065 482 2122 licet
505 2065 554 2139 (cl.
580 2066 762 2122 Pherecratis
787 2067 821 2123 lr.
839 2063 902 2147 64).
951 2067 1082 2123 Breviter
1105 2081 1222 2142 poetam
1245 2079 1429 2143 spectatores

255 2174 362 2249 alloqui
385 2193 422 2230 ex
446 2174 614 2230 comoediae
638 2175 773 2249 antiquae
797 2188 841 2230 est
864 2187 976 2243 natura,
1001 2173 1052 2230 sed
1077 2174 1171 2250 aptius
1194 2193 1281 2248 quam
1296 2174 1428 2250 exempla

255 2280 348 2336 Plauti
371 2295 400 2337 et
423 2278 640 2356 Shakespearii,
670 2299 743 2356 quos
767 2279 899 2336 Zielinski
924 2281 992 2336 citat
1016 2281 1120 2355 quique
1144 2278 1325 2355 alloquuntur
1347 2299 1429 2357 spec*

256 2402 366 2444 ratores
394 2389 421 2442 in
451 2387 578 2465 epilog0,
616 2387 662 2443 hic
690 2387 728 2442 ad
756 2401 855 2464 partes
880 2399 1020 2443 vocantur
1043 2385 1254 2442 Germanorum
1279 2385 1345 2456 ludi,
1381 2388 1429 2462 qui

261 2473 548 2571 »Fastnachtspiele«
577 2495 716 2564 dicuntur,
741 2511 861 2568 quorum
886 2495 978 2569 primo
1003 2495 1029 2549 in
1051 2493 1171 2550 exordio
1195 2493 1348 2569 alloquium
1372 2495 1430 2550 tale

258 2603 407 2658 invenitur.
446 2601 560 2671 Annon,
585 2620 648 2656 cum
666 2600 870 2677 Aristophanis
894 2599 984 2656 verba
1009 2604 1056 2653 νῦν
1075 2597 1134 2655 οὔτε
1153 2601 1209 2663 λεὼ,
1233 2605 1368 2672 προσέχετε
1386 2604 1432 2656 τὸν

257 2710 319 2762 νοῦν
343 2724 371 2765 et
394 2709 451 2765 alia
475 2707 691 2784 comparaveris
715 2727 777 2763 cum
804 2708 896 2764 hisce:

423 2816 485 2871 »Nu
511 2815 585 2885 hort,
610 2815 634 2870 ir
659 2816 755 2884 herro,
781 2815 837 2870 und
862 2827 991 2870 vernemt
1015 2814 1070 2870 den
1094 2811 1267 2890 schimpf«¹)

259 2923 410 2998 multisque
437 2922 500 2978 aliis
528 2921 676 2997 exemplis,
707 2923 846 2996 insignem
869 2921 1079 2977 similitudinem
1103 2921 1130 2976 in
1154 2935 1275 2996 utroque
1304 2923 1431 2998 alloquio

260 3031 354 3086 inesse
378 3029 534 3085 iudicabis?

349 3137 430 3192 Nunc
460 3150 640 3192 transcamus
669 3136 705 3191 ad
730 3135 858 3189 ἅποδῠναι
884 3135 960 3190 illud.
1009 3135 1053 3190 Ac
1088 3149 1147 3190 tres
1181 3135 1295 3209 quidem
1330 3136 1433 3211 quibus

261 3245 387 3300 occurrit
410 3243 491 3300 locos
515 3243 591 3298 nullo
616 3243 702 3299 modo
725 3262 789 3299 eam
815 3243 841 3297 in
866 3255 977 3318 partem
1006 3242 1188 3318 interpretari
1217 3241 1322 3314 licebit,
1351 3245 1433 3318 quasi

261 3349 419 3406 choreutae
444 3349 532 3406 facies
557 3350 695 3425 detegere
719 3363 748 3406 et
771 3350 834 3425 quis
850 3351 1042 3424 unusquisque
1058 3349 1094 3404 sit
1110 3346 1221 3404 civibus
1236 3349 1435 3425 spectantibus

261 3458 376 3534 aperire
405 3457 501 3527 velint,
537 3457 589 3512 sed
624 3457 770 3532 expressis
798 3455 896 3512 verbis
923 3454 1100 3530 significatur
1134 3456 1230 3512 oneris
1264 3455 1435 3513 sublevandi

263 3583 351 3620 causa
388 3564 433 3619 vel
461 3563 518 3619 alio
546 3561 675 3638 quolibet
703 3563 822 3620 consilio
850 3576 899 3618 aut
922 3539 1125 3638 impedimenta
1148 3580 1213 3618 esse
1237 3562 1433 3637 relinquenda,

262 3684 311 3726 aut
334 3670 504 3726 vestimenta
528 3670 668 3730 exuenda.
716 3671 827 3726 Primus
850 3669 930 3725 locus
954 3683 998 3725 est
1022 3669 1050 3724 in
1071 3668 1149 3724 Pace
1175 3685 1251 3744 729:

545 3777 619 3846 ἡμεῖς
638 3775 666 3830 ll
683 3779 745 3833 τέως
762 3774 824 3830 τάδε
842 3779 876 3830 τὰ
894 3779 968 3842 min
985 3773 1146 3845 παραδόντες

475 3887 529 3942 τοῖς
540 3884 698 3942 ἀκολούθοις
710 3883 795 3954 δῶμεν
808 3885 899 3946 σώζειν
911 3881 965 3936 κτλ.

265 3991 338 4047 alter
361 3992 389 4047 in
412 3992 575 4065 Lysistrata
599 4009 627 4046 v.
654 3989 732 4064 615:

478 4097 535 4152 ἀλλ’
554 4097 765 4168 εέτοποὸυώμοθζ
785 4097 883 4168 ἄνδράς,
902 4104 994 4163 τουτῳὶ
1011 4099 1047 4163 τῷ
1064 4099 1206 4168 πράγματι,

355 4193 477 4203 ...μ-...-

327 4196 358 4295 ⁴¹)
379 4231 469 4280 Adalb.
484 4246 509 4282 v.
523 4231 613 4289 Keller,
627 4230 755 4279 Deutsche
768 4229 988 4292 Fastnachtsptele
1002 4245 1050 4278 aus
1064 4230 1120 4278 dem
1136 4228 1176 4279 15.
1190 4229 1283 4288 Jahrb,
1298 4227 1324 4285 ΙΙ,
1338 4243 1362 4290 p.
1378 4227 1438 4277 264.
