3270 4684
637 631 848 685 .-27-

144 791 283 859 (Wiener
300 791 472 847 Neiulruclte
491 793 522 848 B.
542 805 591 866 to)
608 791 777 847 comoediae
794 791 967 846 rarissimum
985 792 1156 868 exemplum,
1173 791 1251 867 quod
1264 793 1329 868 ipse

147 913 234 954 vocat
258 899 338 954 »eine
356 899 440 954 echte
460 897 728 966 Hanswurstiade«,
748 899 774 952 in
794 899 859 954 vico
873 898 1016 954 Bavarico
1032 918 1063 954 se
1080 899 1186 955 vidisse
1202 898 1279 968 dicit,
1297 911 1327 956 et

145 1005 270 1062 alterum
288 1005 521 1080 antiquissimum,
548 1005 784 1080 manuscriptum
802 1003 925 1060 affirmat
941 1024 972 1060 se
989 1005 1148 1081 possidere.
1181 1005 1252 1062 Cum
1269 1007 1324 1062 iam

146 1111 288 1178 dolerem,
306 1111 384 1187 quod
402 1131 436 1167 ea
454 1131 510 1168 non
524 1113 686 1167 accuratius
699 1111 859 1187 descripsit,
879 1112 940 1186 ipse
953 1131 1067 1186 quoque
1081 1111 1107 1166 in
1122 1113 1186 1168 vico
1200 1112 1327 1168 brando-

146 1219 289 1293 burgensi
305 1218 362 1274 vidi
378 1237 519 1294 poparum
536 1230 679 1294 apparatu
696 1231 845 1294 peractam
859 1218 1038 1274 comoediam
1052 1219 1222 1295 popularem
1238 1237 1323 1294 quae,

147 1343 210 1380 cum
225 1324 264 1380 de
278 1325 331 1380 illis
343 1325 438 1380 scenis
447 1325 669 1401 Aristophaneis
682 1325 708 1380 in
722 1339 830 1380 rectam
844 1339 955 1401 partem
969 1325 1147 1400 accipiendis
1155 1327 1326 1401 cogitarem,

148 1450 276 1506 magnae
293 1432 361 1487 mihi
379 1432 518 1508 voluptati
537 1447 600 1487 erat
617 1450 709 1506 neque
727 1430 839 1508 planius
855 1431 933 1506 quod
951 1451 1014 1486 eam
1033 1432 1178 1501 describo,
1203 1432 1327 1508 quaesti-

146 1557 233 1594 onem
251 1539 288 1594 ad
304 1539 427 1616 ineptias
443 1538 598 1595 dellectere
615 1539 682 1594 mihi
697 1538 806 1594 videor.
839 1539 979 1614 Casperle
996 1557 1079 1614 ouem
1095 1551 1201 1595 vocant
1212 1540 1323 1608 sannio,

147 1663 212 1700 cum
240 1645 363 1721 prologo
387 1645 601 1720 spectatoribus
624 1645 815 1721 exposuisset,
840 1645 903 1719 quis
927 1659 1013 1714 esset,
1039 1647 1139 1720 quain
1156 1646 1327 1702 condicione

149 1752 273 1820 viveret,
289 1771 347 1827 quo
366 1753 430 1808 loco
447 1771 494 1808 res
511 1766 656 1828 ageretur,
675 1765 732 1806 tum
749 1751 850 1828 procul
868 1751 991 1826 negotiis
1008 1771 1115 1829 capere
1131 1753 1254 1828 quietem
1271 1751 1326 1809 sibi

148 1877 214 1914 esse
238 1858 264 1913 in
287 1860 383 1914 animo
408 1859 487 1914 dixit.
521 1859 607 1928 Quod
632 1877 695 1914 cum
721 1857 835 1913 vixdum
861 1857 956 1914 facere
981 1873 1108 1935 pararet,
1135 1860 1326 1916 molestissimi

149 1965 284 2022 advenae
308 1980 520 2042 apparuerunt:
547 1979 667 2022 exactor
684 1965 877 2040 vectigalium,
903 1965 1015 2021 institor
1027 1965 1149 2040 judaeus
1166 1966 1326 2042 polonicus,

149 2072 196 2128 alii
223 2072 284 2148 typi
308 2073 474 2149 populares,
499 2091 581 2148 quos,
608 2091 670 2128 cum
695 2073 824 2146 singulus
847 2072 885 2127 ad
909 2073 950 2128 rei
968 2071 1101 2148 publicae
1117 2086 1221 2129 statum
1239 2086 1327 2148 atque

149 2178 425 2235 administrationem
454 2179 594 2249 allodem,
624 2179 827 2254 aliquantulum
856 2179 994 2254 temporis
1019 2179 1142 2236 ludibrio
1168 2178 1324 2248 habuisset,

151 2297 301 2362 postremo
335 2285 506 2342 verberibus
541 2286 731 2362 spectantium
767 2305 829 2340 cum
855 2286 911 2340 risu
936 2285 1052 2362 expulit.
1101 2287 1238 2341 Actorem
1263 2303 1327 2342 cum

151 2393 245 2448 locum
281 2393 403 2450 actionis
438 2392 667 2469 pronuntiantem
704 2392 842 2460 audirem,
879 2391 1097 2468 Dicaeopolidis
1126 2393 1216 2448 lorum
1246 2411 1326 2448 suum

151 2500 284 2554 metantis
308 2499 450 2560 (Achata.
477 2518 503 2552 r.
532 2519 593 2571 7¹9
610 2508 677 2574 sip),
708 2499 886 2572 eundemque
915 2517 978 2554 cum
1003 2499 1075 2556 alias
1100 2499 1161 2555 illas
1186 2511 1328 2576 personas

152 2607 317 2663 irridentem
334 2619 421 2681 atque
437 2606 626 2682 expellentem
645 2607 783 2674 viderem,
803 2606 1041 2674 Acharnensium,
1059 2607 1152 2673 Pacis,
1171 2607 1326 2683 praecipue

154 2713 257 2768 Avium
287 2713 354 2769 mihi
382 2713 585 2790 particularum
616 2712 724 2768 illarum
755 2714 782 2767 in
811 2725 933 2768 mentem
958 2713 1043 2778 venit,
1075 2713 1101 2768 in
1129 2712 1232 2788 quibus
1256 2715 1326 2768 mira

151 2819 332 2876 similitudine
359 2819 570 2898 Aristophanes
595 2820 823 2896 protagonistam
842 2816 1027 2874 ioculatorem
1046 2819 1181 2876 nntlestos
1197 2820 1328 2876 advenas

151 2927 311 2982 eiicientem
341 2927 418 2995 lacit,
448 2927 525 3002 quod
553 2927 600 3001 qui
630 2939 746 2982 nostrae
772 2925 884 3002 linguae
910 2925 1001 2982 verbo
1026 2928 1168 2983 notaverit
1195 2927 1327 2982 rhinaus·

153 3033 333 3109 pritschen«,
359 3053 419 3090 rem
444 3046 550 3090 teneat.

243 3139 327 3208 Quae
351 3159 414 3196 cum
439 3141 475 3195 sit
498 3139 589 3196 forma
615 3141 752 3196 naturalis
777 3141 945 3197 comoediae
974 3141 1050 3216 apud
1075 3140 1156 3209 aliaS,
1188 3154 1217 3196 ut
1241 3139 1327 3196 modo

153 3246 283 3316 vidimus,
320 3261 432 3321 gentes
470 3248 501 3313 is,
538 3249 585 3321 qui
616 3247 677 3302 illas
702 3261 800 3323 partes
826 3246 1065 3312 Acharnensium,
1092 3247 1185 3315 Pacis,
1212 3247 1326 3317 Avium,

152 3353 226 3409 Pluti
249 3351 288 3408 ab
310 3353 425 3409 Atticae
449 3353 618 3408 comoediae
642 3354 838 3428 antiquissimo
863 3353 1019 3429 exemplari
1044 3353 1238 3430 repentendas
1262 3373 1326 3410 esse

152 3473 268 3528 statuet,
305 3459 380 3516 haud
417 3461 455 3516 ita
484 3460 598 3515 multum
627 3481 643 3515 a
673 3479 743 3516 vero
768 3459 958 3517 aberraverit.
1007 3461 1106 3528 Quare
1131 3461 1204 3517 inter
1227 3480 1328 3517 omnes

152 3585 226 3642 tinas
259 3567 370 3642 perlegi
407 3567 530 3622 virorum
572 3566 721 3623 doctorum
762 3570 918 3623 sententias
952 3567 1140 3624 Brentanonis
1176 3567 1222 3622 illa
1259 3567 1325 3624 mihi

152 3673 261 3750 optima
286 3673 407 3744 videtur,
436 3676 482 3749 ‹pti
510 3674 612 3729 Avium
637 3693 684 3729 vv.
711 3691 906 3747 poa-1057
937 3693 1002 3730 esse
1031 3674 1108 3729 dicat
1140 3676 1221 3730 »eine
1249 3674 1328 3730 nicht

153 3780 391 3837 unvert‘tclttliche
415 3781 545 3856 Reliquis.
570 3781 623 3836 der
646 3781 828 3837 altattischen
854 3781 992 3836 Komik«.

245 3887 358 3943 Minime
395 3907 464 3944 vero
501 3889 603 3962 ignoro
638 3907 711 3956 eum,
748 3889 796 3963 ‹pii
832 3889 857 3943 in
888 3888 1077 3964 vituperando
1103 3888 1328 3964 Aristophanem

154 4013 345 4071 perseverare
370 3994 446 4064 velit,
472 3994 536 4049 illuc.
561 3993 716 4069 confugere
742 4013 828 4071 posse
856 4009 885 4050 ut
909 4009 1009 4050 contra
1034 3994 1112 4051 dicat
1132 3994 1215 4050 facile
1232 3993 1326 4050 delabi

155 4102 181 4156 in
211 4101 238 4156 id
268 4102 363 4156 vitium
392 4117 504 4178 poetas,
541 4102 587 4176 qui
612 4115 693 4157 extra
719 4103 788 4157 artis
812 4103 945 4177 poeticae
969 4100 1097 4176 regulam
1122 4100 1237 4176 aliquod
1262 4120 1329 4158 con·

154 4207 244 4262 silium
270 4210 296 4262 in
324 4207 524 4284 componenda
550 4207 646 4262 fabula
669 4223 834 4283 sequuntur.
867 4209 953 4264 Cuius
978 4209 1018 4264 rei
1042 4208 1179 4282 adiungat
1196 4209 1327 4286 exempla

154 4315 295 4390 quispiam
332 4313 393 4370 illas
422 4314 597 4382 comoedias,
633 4333 705 4388 quas
732 4315 914 4388 Francogalli
948 4317 1062 4391 »pieces
1086 4318 1103 4370 a
1127 4315 1239 4384 tiroir«,
1276 4335 1330 4374 nos
