3270 4684
763 492 957 546 ..8-

272 681 398 742 gestare,
435 669 483 725 illo
517 683 612 726 autem
648 672 766 727 vasculo
790 671 903 728 Alberti
927 671 1066 741 Muelleri‚
1097 673 1114 727 l.
1140 691 1165 728 c.
1196 692 1224 749 p.
1250 672 1321 744 273,
1351 675 1445 749 potius

271 775 369 851 opinio
389 775 530 832 sumatur:
559 776 630 833 »der
645 779 727 848 κόραξ
745 779 1000 849 ἐμπεφορβειωμένος
1019 779 1099 835 batte
1115 778 1193 835 wohl
1209 797 1263 834 nur
1277 779 1341 835 eine
1357 779 1445 836 Halb·

272 883 404 954 maske«,
429 883 468 939 ita
491 895 521 938 ut
544 889 655 955 φορβειᾷ
679 903 813 961 persona,
839 886 866 941 in
891 887 1000 942 maiore
1023 900 1107 962 parte
1123 885 1207 942 faciei
1223 885 1381 961 perforata,
1406 887 1443 942 ad

271 1007 404 1046 aversam
429 991 531 1066 capitis
554 1004 666 1067 partem
691 991 809 1067 alligata
832 992 877 1048 sit.

361 1097 541 1170 Quamquam
567 1098 689 1172 denique
712 1099 825 1155 minime
849 1111 894 1156 est
917 1112 1035 1167 certum,
1065 1100 1304 1174 quemadmodum
1329 1118 1444 1176 compa·

271 1216 350 1259 ratus
374 1203 457 1261 fuerit
480 1205 569 1275 locus,
607 1205 633 1260 in
657 1223 715 1278 quo
739 1206 868 1262 actiones
892 1206 957 1262 illae
981 1205 1097 1276 fiebant,
1134 1221 1163 1262 et
1191 1221 1326 1280 quantum
1350 1207 1443 1262 simili-

270 1310 374 1367 tudinis
397 1313 425 1368 ei
447 1330 511 1367 cum
535 1311 686 1368 orchestra
711 1313 901 1387 posteriorum
926 1325 1051 1369 aetatum
1068 1312 1161 1384 suerit,
1186 1328 1282 1369 tamen
1299 1311 1442 1370 tibicinem

269 1417 331 1474 sine
354 1419 411 1474 ullo
434 1419 570 1493 tegimine
598 1419 676 1474 iuxta
704 1419 859 1476 choreutas
887 1419 1026 1477 saltantes
1049 1433 1127 1476 stare
1152 1420 1299 1496 respicere
1322 1419 1440 1476 iuvabit.

270 1524 370 1594 Quare
393 1539 473 1582 recte
493 1525 694 1596 Wiesclemm,
720 1527 738 1582 l.
764 1545 789 1581 c.
815 1547 844 1602 p.
865 1543 914 1598 71,
940 1527 1115 1584 contendere
1139 1541 1218 1602 puto,
1243 1527 1321 1600 quod
1345 1528 1442 1583 musici

270 1633 347 1688 iuxta
370 1633 509 1689 saltantes
532 1645 617 1700 stent,
643 1633 670 1688 iu
694 1634 809 1689 theatro
834 1633 932 1689 Attico
956 1651 1012 1689 non
1036 1631 1185 1690 offendere
1208 1645 1399 1710 spectatores.

359 1739 414 1794 Hic
438 1739 576 1816 deinceps
599 1740 693 1810 tertia,
718 1758 804 1814 quam
828 1752 955 1796 tractare
972 1741 1040 1796 mihi
1055 1740 1235 1816 propositum
1251 1754 1305 1809 est,
1331 1740 1442 1816 pictura

269 1859 338 1923 apte
361 1860 516 1903 asseretur.
549 1848 580 1903 Iu
604 1847 746 1922 amphora
770 1848 919 1916 invenitur,
944 1865 1019 1922 quae
1043 1859 1177 1903 servatur
1197 1847 1224 1902 in
1241 1865 1339 1903 museo
1357 1849 1443 1904 Bero-

269 1953 369 2010 liuensi
392 1953 446 2009 sub
462 1973 509 2010 n0.
532 1951 624 2030 1697.
649 1954 784 2030 (Furtw.)
801 1973 851 2028 0,3
858 1973 874 2028 3
892 1953 974 2025 altit,
1001 1951 1096 2029 o,695
1115 1955 1193 2020 circ„
1218 1955 1328 2009 Romae
1345 1967 1442 2030 empta

268 2079 295 2115 a.
326 2058 417 2130 1846,
442 2061 597 2116 secundum
620 2060 784 2117 Panolkam
808 2062 981 2118 Caeretana.
1014 2063 1044 2117 ln
1068 2061 1182 2118 sinistra
1205 2076 1290 2138 parte
1313 2062 1350 2117 ad
1375 2062 1443 2118 dex-

268 2180 342 2223 tram
366 2185 524 2224 conversus
547 2166 653 2224 tibicen
677 2181 735 2225 stat
750 2168 837 2244 pallio
853 2169 975 2239 indutus,
1001 2187 1111 2224 corona
1133 2181 1261 2238 ornatis,
1287 2185 1441 2244 personam

268 2291 324 2330 non
348 2288 476 2350 gestans,
502 2275 578 2331 tibiis
602 2294 718 2332 canens.
756 2275 840 2349 Juxta
864 2295 928 2331 eum
953 2277 1100 2350 inscriptio
1117 2277 1220 2350 legitur
1237 2295 1322 2332 sensu
1339 2293 1442 2331 carens

724 2389 774 2436 EI
785 2388 806 2436 0
816 2389 845 2436 X
853 2389 878 2436 E
892 2388 913 2436 0
926 2389 955 2435 Χ
962 2389 988 2436 E

267 2488 316 2560 (cl.
342 2507 388 2549 no,
420 2488 499 2544 1686
525 2508 595 2545 mus.
621 2491 767 2571 Beroia).
817 2490 862 2545 Ad
892 2488 1035 2544 tibicinem
1065 2491 1198 2546 conversi
1229 2503 1288 2546 tres
1313 2490 1442 2545 homines

267 2594 393 2667 barbati,
419 2615 556 2670 equorum
573 2598 705 2672 personis
721 2596 824 2671 singuli
841 2596 938 2662 induti,
964 2615 1000 2652 ex
1021 2615 1140 2669 quorum
1158 2596 1239 2652 collis
1256 2595 1327 2652 inira
1344 2597 1441 2672 capita

268 2703 391 2759 humana
415 2717 568 2780 apparent.
616 2703 786 2760 Chitonibus
814 2715 927 2758 utuntur
956 2701 1093 2758 brevibus
1116 2703 1271 2771 adstrictis,
1308 2703 1344 2758 ad
1369 2721 1441 2776 quas

267 2810 378 2867 caudae
402 2811 524 2883 equinae
548 2811 684 2886 alligatae
707 2823 781 2866 sunt.
815 2811 916 2866 Manus
939 2809 1110 2866 sublevandi
1133 2810 1229 2864 oneris
1254 2827 1341 2865 causa
1363 2809 1441 2884 geni-

267 2917 321 2974 bus
348 2932 414 2973 sunt
441 2917 601 2994 impositae.
651 2917 775 2974 insident
802 2917 877 2974 enim
909 2917 935 2971 in
963 2917 1053 2992 tergis
1081 2916 1184 2990 singuli
1215 2916 1325 2989 equites
1348 2914 1440 2990 galeis

267 3023 423 3080 Corinthiis
458 3024 545 3080 induti
580 3037 609 3080 et
644 3023 821 3093 thoracibus,
858 3042 893 3079 ex
922 3022 1024 3096 quibus
1054 3022 1125 3078 infra
1149 3022 1256 3078 breves
1278 3023 1440 3098 prominent

267 3131 398 3187 chitones
432 3131 577 3202 adstricti3
615 3131 754 3188 bracchia
789 3143 818 3186 et
846 3149 930 3186 crura
959 3129 1044 3185 nuda.
1095 3127 1224 3185 Sinistris
1248 3127 1378 3184 manibus
1402 3127 1440 3181 ad

267 3256 404 3311 equorum
440 3237 570 3294 certices
605 3239 746 3314 appositis
781 3238 899 3293 dextras
933 3237 1017 3310 quasi
1044 3254 1135 3310 equos
1159 3234 1305 3310 impulsuri
1328 3233 1438 3290 tollunt.

266 3344 376 3400 Primus
400 3346 427 3400 in
450 3344 536 3420 galea
562 3344 650 3402 habet
674 3345 746 3400 duas
769 3363 843 3417 quae
867 3343 936 3398 mihi
959 3344 1091 3400 videntur
1114 3361 1233 3419 pennas,
1263 3341 1336 3397 alter
1359 3340 1440 3396 lalcis

266 3454 392 3529 speciem
430 3453 475 3509 vel
504 3454 580 3507 sinus
609 3453 705 3520 innati,
743 3453 843 3508 tertius
871 3452 1006 3507 circulum
1035 3470 1099 3507 cum
1130 3451 1267 3527 inscripta
1292 3465 1378 3504 cruce
1402 3448 1438 3502 ad

266 3561 380 3635 priscae
405 3560 517 3616 litterae
543 3561 579 3633 Θ
612 3560 738 3635 speciem
755 3558 1001 3634 (Furtwaenglem
1030 3557 1115 3614 »Rad
1137 3557 1187 3612 mit
1210 3553 1438 3632 tlSpeicbenrl

265 3668 311 3724 De
333 3667 471 3743 pingendi
495 3680 557 3723 arte
582 3668 609 3722 in
625 3665 744 3722 vasculo
760 3664 890 3721 adhibita
907 3664 1121 3722 observandum
1137 3677 1191 3732 est,
1208 3676 1337 3720 extrema
1354 3662 1439 3717 linea·

267 3787 361 3830 menta
385 3787 414 3830 et
438 3774 582 3849 margines
607 3775 726 3830 vestium
750 3787 780 3829 et
803 3773 953 3829 thoracum
977 3791 1042 3828 esse
1065 3771 1165 3842 incisa,
1197 3771 1296 3826 musici
1323 3769 1438 3845 pallium

266 3879 355 3936 rubro
389 3880 488 3936 colore
523 3880 655 3938 lineatum
685 3893 714 3936 ct
741 3879 835 3936 rubris
862 3879 1005 3956 punctillis
1034 3891 1212 3954 coopertum,
1244 3877 1378 3932 chitonas
1402 3876 1440 3930 iu·

267 4005 368 4044 venum
398 4004 535 4060 equorum
562 3988 625 4044 vice
650 3988 822 4062 iungentium
848 3985 936 4042 rubro
961 3986 1059 4042 colore
1083 3999 1160 4041 totos
1183 3985 1277 4059 pictos
1300 4001 1375 4051 esse,
1412 3983 1438 4038 in

264 4091 427 4150 chitonibus
451 4095 575 4166 equitum
600 4093 688 4150 rubra
713 4095 806 4150 inesse
830 4093 975 4170 punctilla.
1022 4092 1071 4164 (cs.
1096 4091 1159 4166 sig.)
