3270 4684
811 499 850 552 ,4
902 516 936 523 -

229 659 342 715 induci.
382 659 490 729 Quare,
516 660 569 716 etsi
593 659 718 716 inductio
742 661 887 737 Euripidis
911 662 938 716 in
956 661 1185 718 Acharnensium
1209 662 1306 738 priore
1328 676 1410 738 parte

238 764 295 823 tale
319 767 461 821 ι’πεισὸδιον
485 767 547 834 erit,
584 779 680 823 tamen
709 767 876 844 plerumque
904 768 995 824 verba
1024 769 1073 834 ἔξω
1095 771 1301 838 adsimulatos
1331 781 1410 826 recte

231 873 482 950 interpretabitur,
519 874 566 948 qui
596 873 670 930 idern
696 874 728 929 iis
752 874 908 948 significari
933 875 1034 931 dixerit
1059 894 1094 932 ac
1118 877 1141 932 si
1166 877 1306 950 legertur:
1343 893 1410 952 post

230 981 414 1057 parabasim.
460 979 516 1036 Vix
539 998 610 1036 vero
634 999 691 1056 ego
716 981 852 1050 dubitem,
877 982 944 1056 quin
969 983 1131 1058 Metagenis
1156 982 1253 1039 verbis

396 1094 452 1142 κατ’
473 1085 617 1141 ἐπεισόδιον
635 1088 791 1157 μεταβάλλω
811 1091 854 1147 rirv
873 1089 950 1158 λόγον
969 1091 1003 1147 ὡς
1021 1090 1054 1142 ἂν
1126 1107 1127 1110 ’
1193 1097 1195 1104 ⁴

397 1199 512 1249 καιναῖσι
530 1197 659 1265 παροψίσι
678 1201 721 1247 nul
741 1195 988 1263 addicisti-rupium
1008 1199 1036 1250 τὸ
1054 1201 1176 1266 θέατρον,

236 1317 311 1376 quae
346 1321 383 1358 ex
418 1303 555 1378 parabasi
584 1303 673 1380 petita
702 1313 775 1368 sunt,
810 1320 842 1357 se
872 1301 918 1357 illa
947 1302 1059 1359 fabulas
1083 1305 1274 1380 componendi
1298 1307 1409 1360 ratione

235 1410 275 1463 uti
299 1409 390 1482 dicat3
414 1413 471 1463 κατ’
491 1409 634 1466 ἐπεισόδιον
658 1409 674 1464 i.
700 1427 741 1463 e:
767 1427 803 1464 eo
828 1408 901 1478 loco,
927 1427 984 1482 quo
1008 1411 1158 1466 comoedia
1181 1430 1243 1467 mea
1259 1412 1407 1488 episodica

233 1513 301 1572 'esse
325 1517 431 1592 incipit,
459 1519 614 1588 μεταβάλλω
634 1519 773 1588 τὸνλόγον
799 1515 815 1569 i.
841 1535 882 1571 e.:
920 1531 1117 1590 argumentum
1153 1531 1238 1573 antea
1266 1520 1407 1574 excultum

235 1624 346 1692 omitto,
360 1625 393 1680 dr
403 1624 435 1676 ἂν
448 1629 564 1677 καιναῖσι
573 1604 702 1696 παροιμίαι
715 1631 759 1678 καὶ
773 1623 881 1680 πολλοῖς
894 1623 947 1685 κτλ,
961 1637 991 1678 ut
1004 1625 1100 1683 varias
1112 1643 1253 1700 personas
1265 1625 1406 1681 inducam.

248 1735 250 1740 '
326 1731 355 1786 ld
392 1732 485 1806 igitur,
522 1733 599 1806 qurad
623 1731 766 1788 Zielinskii
803 1711 948 1806 diligentia
985 1744 1015 1787 et
1048 1732 1178 1788 acumine
1208 1731 1302 1788 denuo
1331 1733 1408 1788 docti

235 1852 340 1906 sumus,
366 1837 545 1894 comoediam
561 1839 803 1915 Aristophaneam
829 1837 995 1913 plerumque
1019 1839 1138 1894 alteram
1157 1853 1267 1914 partem
1284 1839 1407 1915 episodi-

236 1961 299 1998 cam
334 1943 482 2012 exhibere,
520 1947 574 2000 iam
606 1948 697 2002 veteri
725 1945 892 2003 nesciocui
915 1946 1105 2018 grammatico
1130 1945 1291 2014 constabat,
1329 1947 1407 2001 cuius

235 2067 270 2104 ex
305 2050 522 2124 quaestionibus
552 2051 618 2108 illud
643 2052 788 2127 glossema
813 2051 896 2108 nobis
920 2051 1056 2124 reliquum
1082 2067 1134 2107 est.
1183 2052 1259 2108 idem
1285 2052 1407 2108 sortasse

234 2157 452 2230 grammaticus,
491 2158 654 2214 Aristotelis
689 2159 819 2215 doctrina
854 2159 976 2225 omissa,
1013 2177 1068 2212 non
1104 2160 1239 2234 primum,
1276 2161 1405 2223 alterum,

234 2263 347 2318 tertium
371 2279 500 2320 actorem
524 2285 540 2321 e
565 2266 657 2320 choro
677 2284 864 2341 progressum
880 2284 945 2321 esse
961 2264 1110 2330 censebat,
1134 2265 1185 2320 sed
1204 2267 1405 2321 multitudinem

234 2381 423 2444 personarum
457 2373 615 2428 scurrilium
647 2372 683 2428 ad
713 2386 771 2428 tres
800 2372 949 2428 redactam
974 2391 1039 2428 esse
1062 2391 1097 2427 ex
1123 2371 1213 2427 forma
1238 2373 1406 2428 comoediae

234 2476 388 2534 Cratineae
412 2477 560 2535 effecerat.
608 2479 678 2535 Cum
705 2479 787 2546 idem,
813 2480 836 2534 si
860 2480 927 2554 quid
953 2479 1047 2546 video,
1078 2479 1120 2533 vir
1144 2479 1246 2534 doctus
1269 2497 1304 2533 ex
1329 2479 1406 2534 initio

235 2584 414 2640 comoediam
444 2587 586 2642 humiliter
615 2587 769 2643 iocularem
794 2577 926 2642 sermone
950 2585 1083 2661 prosario
1107 2584 1296 2660 compositam
1322 2585 1407 2642 luisse

234 2691 419 2762 coniecisset,
456 2694 627 2769 compilator
661 2694 775 2769 aliquis
799 2694 825 2748 ln
860 2693 914 2748 illis
949 2693 1052 2768 spuriis
1083 2689 1247 2746 Susarionis
1275 2691 1406 2748 versibus

232 2800 334 2852 ἀκούετε
359 2799 422 2857 lanis
440 2800 493 2860 κτλ,
527 2800 696 2856 comoediae
725 2801 862 2856 metricae
890 2799 994 2855 initium
1024 2799 1151 2854 invenire
1180 2797 1234 2852 sibi
1263 2799 1339 2854 uisus
1370 2800 1405 2854 de

234 2904 391 2961 Susarione
415 2906 580 2963 adnotavit:
607 2911 651 2974 τῆς
670 2909 795 2978 ἐμμέτρου
814 2907 951 2976 κοιμῳὸιόις
969 2907 1067 2975 ἐγένετο
1087 2906 1202 2976 ἀρχηγός.

323 3013 367 3068 Ac
384 3014 493 3089 optimo
515 3015 574 3071 iure
591 3015 636 3071 ille
653 3029 763 3084 auctor,
788 3015 836 3090 qui
854 3015 889 3070 de
906 3013 1056 3069 comoedia
1073 3011 1174 3068 librum
1192 3026 1404 3087 composuerat,

233 3119 392 3174 doctrinam
418 3120 581 3177 Aristotelis
616 3121 732 3190 abiecit,
766 3123 817 3194 ‘qui
853 3123 896 3177 vir
927 3119 1038 3175 divinus
1068 3121 1093 3174 in
1123 3137 1189 3194 cap.
1215 3118 1250 3174 V.
1280 3117 1344 3174 libri
1369 3120 1405 3175 de

233 3239 296 3281 arte
331 3227 446 3301 poetica
482 3229 661 3284 comoediam
687 3229 880 3284 Atticam'ita
905 3228 1033 3284 crevisse
1057 3245 1088 3282 se
1112 3225 1246 3281 arbitrari
1270 3227 1404 3297 ostendit,

233 3347 261 3387 ut
296 3332 334 3388 ab
370 3334 459 3409 stirpe
494 3354 547 3410 per
575 3335 739 3410 analogiam
768 3335 938 3410 tragoediae
966 3347 1134 3408 augeretur:
1166 3337 1205 3390 τίς
1224 3331 1252 3386 δὲ
1269 3337 1404 3402 πρόσωπα,

234 3439 330 3514 inquit,
356 3439 493 3502 ἀπέδωκεν,
519 3442 535 3508 ἢ
554 3443 703 3512 προλόγους,
724 3443 741 3509 ἥ
760 3443 852 3508 alr'i‘ln
871 3443 1016 3510 ὑποκριτῶν
1034 3435 1140 3494 nuliiua
1155 3442 1260 3493 τοιαῦτα
1273 3440 1405 3509 ἠγνόηται.

234 3547 376 3620 lpsevero
391 3546 436 3603 ille
449 3549 618 3622 posterioris
626 3551 729 3605 aetatis
738 3565 848 3614 auctor,
863 3567 1106 3622 quamquameam
1116 3546 1279 3620 analogiam
1289 3546 1404 3618 abiecit,

232 3667 327 3708 tamen
351 3652 494 3709 scribens:
525 3663 568 3708 καὶ
587 3659 638 3726 γὰρ
660 3655 686 3710 σι’
707 3659 810 3728 πρῶτον
833 3655 860 3708 ἐν
878 3657 977 3729 Ἀττικῇ
996 3657 1181 3724 συστησάμενοι
1202 3657 1230 3706 τὸ
1249 3653 1405 3723 ἐπιτήδευμα

232 3767 276 3832 τῆς
294 3761 430 3834 κωμῳδίαι
446 3763 500 3823 κτλ,
528 3781 560 3819 se
588 3783 660 3839 pure
685 3764 809 3819 Atticam
835 3763 940 3818 ducere
965 3761 1143 3818 comoediam
1171 3761 1315 3836 antiquam
1340 3779 1405 3836 pro-

232 3871 335 3929 fitetur.
388 3873 434 3928 Ad
459 3871 566 3927 Dorica
591 3883 685 3926 antem
710 3871 818 3946 oppida
844 3869 909 3924 mihi
935 3868 980 3925 illa
1005 3887 1091 3924 scena
1117 3867 1250 3924 iocularis
1270 3883 1405 3944 spectare

232 3979 352 4035 videtur.
384 3981 528 4036 Personas
544 3978 618 4034 euim
635 3977 758 4053 typicas,
781 3977 818 4032 ad
835 3995 907 4050 quas
924 3995 959 4032 ea
976 3977 1049 4032 ratio
1066 3974 1225 4030 dramatica
1243 3973 1404 4030 adhaerere

231 4088 313 4155 solet,
339 4087 415 4163 apud
441 4087 630 4160 Megarenses
654 4086 680 4139 in
705 4103 755 4139 usu
780 4083 875 4150 luisse,
902 4083 1056 4148 MaesoniS,
1083 4082 1162 4156 Mylli
1186 4081 1299 4138 nomina
1321 4079 1404 4136 nobis

231 4193 334 4249 tradita
371 4192 491 4254 docent:
528 4193 674 4268 quomodo
710 4191 847 4248 eiusmodi
883 4209 1026 4266 personae
1051 4191 1078 4244 in
1102 4190 1157 4244 alia
1182 4189 1289 4264 oppida
1314 4203 1404 4243 trans-
