3270 4684
885 583 1096 618 „,0,

613 733 673 783 (κατ’
693 731 742 800 ἔφη
763 729 962 801 &impossibiie
980 737 1103 801 καρκίνον
1123 738 1280 804 Κορίνθιον·

614 836 686 890 δεινὰ
703 835 749 906 y'ul
771 842 806 891 lli
812 837 903 896 σειδυν,
924 835 949 891 ai
963 839 1026 907 μηδ’
1045 840 1073 891 ἑν
1091 843 1167 908 βυθῷ
1187 839 1337 910 δυνήσομαι,

613 948 677 1012 μήτε
695 949 729 1018 γῇ
746 948 806 1014 μήτ’
826 945 854 998 ἐν
872 945 994 1018 θαλάττῃ
1013 945 1149 1044 ‹ltaquyaiv
1167 951 1225 1004 τοὺς
1244 945 1344 1005 ἱππέας,

403 1061 432 1114 ln
462 1059 565 1132 quibus
597 1059 694 1116 verbis
729 1061 858 1136 legendis
892 1079 981 1137 saepe
1012 1061 1115 1118 dubius
1141 1063 1302 1132 haeseram,
1339 1064 1454 1140 leporis
1482 1065 1592 1118 trustra

400 1167 547 1242 specimen
578 1166 605 1222 in
634 1167 667 1222 iis
697 1168 883 1243 investigans.
938 1168 1148 1225 Enumerantur
1176 1189 1223 1225 res
1247 1170 1286 1226 ab
1310 1190 1455 1244 equorum
1484 1181 1592 1224 natura

402 1286 459 1328 tam
484 1273 604 1342 alienae,
630 1287 659 1330 ut
684 1275 760 1330 haud
785 1274 823 1330 ita
847 1274 941 1331 sacete
965 1276 1055 1331 iocari
1078 1289 1194 1352 poetam
1219 1278 1314 1333 animo
1338 1279 1493 1334 sentirem.
1532 1275 1594 1331 ,td-

401 1392 482 1435 notat
496 1379 667 1436 scholiasta:
693 1384 775 1434 τοῖσιν
793 1381 893 1438 inante·
913 1383 959 1434 ἵνα
976 1385 1014 1450 μὴ
1032 1383 1091 1455 ei'np
1105 1386 1156 1440 τοῖς
1168 1382 1274 1437 ἱππεῦσι
1286 1391 1330 1437 καὶ
1343 1384 1406 1457 δόξῃ
1419 1385 1590 1454 χαρίζεσθαι

400 1489 436 1554 τῷ
454 1489 528 1558 χορῷ.
561 1485 669 1543 Similia
693 1487 732 1544 ab
752 1488 911 1544 editoribus
935 1488 1118 1558 adnotantur,
1143 1490 1191 1562 qui
1215 1509 1305 1563 equos
1322 1491 1439 1546 omnino
1457 1507 1520 1545 non
1539 1489 1590 1544 ad-

401 1593 487 1650 fuisse
516 1594 621 1650 volunt.
674 1595 733 1650 Th.
759 1595 857 1651 Kock:
887 1595 959 1651 »Um
989 1595 1053 1652 dem
1081 1595 1208 1664 'ladel«,
1240 1598 1336 1670 inquit,
1370 1596 1441 1653 »des
1468 1594 1587 1652 Selbst-

401 1699 483 1756 lobes
517 1721 551 1756 zu
585 1701 740 1776 entgehen‚
777 1701 920 1758 fiberla'tsst
954 1703 1007 1758 der
1034 1702 1116 1758 Chor
1143 1702 1196 1758 ilas
1224 1722 1317 1776 ganze
1342 1701 1503 1760 Verdienst
1534 1703 1588 1758 der

400 1807 429 1863 Τ
432 1809 482 1864 hat
516 1808 572 1864 den
595 1809 717 1878 Rossen,
755 1809 894 1866 wodurch
930 1810 981 1865 der
1009 1809 1131 1866 Dichter
1165 1811 1296 1884 zugleich
1331 1811 1376 1867 ein
1413 1809 1586 1866 treffliches

401 1915 566 1972 komisches
590 1917 680 1970 Motiv
704 1917 860 1991 gestione«
912 1917 950 1972 At
974 1917 1042 1971 nihil
1067 1916 1134 1972 salsi
1158 1918 1312 1993 apponitur
1336 1917 1534 1978 audientibus,
1562 1917 1586 1970 si

401 2022 465 2101 quis
499 2039 590 2096 equos
624 2021 771 2096 quaelibet
800 2023 983 2099 perficientes
1013 2023 1089 2091 lacit,
1126 2042 1200 2096 quae
1224 2023 1366 2098 perficere
1389 2024 1466 2080 nullo
1495 2023 1584 2080 modo

401 2147 522 2205 prorsus
545 2143 674 2206 possunt.
722 2130 823 2186 Nonne
848 2149 918 2186 vero
943 2130 1116 2206 lepidissime
1145 2143 1233 2206 poeta
1256 2131 1421 2206 epirrhema
1446 2130 1518 2186 illud
1546 2131 1585 2184 in-

402 2237 488 2306 venit,
505 2237 529 2292 si
545 2237 761 2307 commilitones,
778 2236 947 2311 quibuscum
964 2237 1147 2312 expeditione
1160 2237 1308 2293 Corinthia
1326 2238 1437 2311 equites
1450 2238 1583 2293 victores

400 2343 541 2420 perfuncti
569 2359 661 2413 erant,
697 2363 835 2418 equorum
864 2345 1006 2421 personis,
1042 2345 1142 2418 quales
1172 2345 1252 2400 vides
1277 2346 1303 2399 in
1328 2346 1440 2421 pictura
1464 2359 1579 2412 nostra,

400 2449 555 2508 obvolutos
578 2451 702 2508 induxit?
733 2452 905 2527 Opinionem
931 2452 1077 2527 vulgatam
1102 2471 1138 2508 ex
1163 2452 1261 2526 viginti
1286 2465 1409 2525 quatuor
1432 2451 1580 2526 equitibus

401 2558 519 2614 chorum
556 2557 671 2614 fabulae
705 2559 894 2634 compositum
931 2558 1016 2614 hiisse
1040 2557 1158 2614 abdicat
1184 2559 1257 2614 Beer
1281 2559 1366 2630 (Zahl
1390 2559 1443 2614 der
1466 2557 1580 2614 Schau-

400 2664 507 2741 spieler
540 2663 588 2720 bei
624 2665 836 2740 Aristophanes
871 2685 899 2742 p.
931 2667 993 2739 30).
1048 2665 1108 2721 Sed
1131 2665 1268 2734 rationes,
1305 2684 1377 2738 quas
1401 2665 1487 2722 affert
1512 2684 1580 2741 pro·

401 2771 520 2828 baturus
542 2775 665 2843 γέροντας
688 2772 810 2839 hienardo
839 2772 934 2840 luisse,
971 2773 1019 2845 qui
1047 2772 1167 2828 alterum
1200 2772 1282 2827 chori
1310 2790 1398 2828 cornu
1429 2772 1578 2844 tenebant,

401 2891 430 2933 ut
454 2879 659 2954 intellegerem,
685 2879 789 2934 frustra
805 2879 965 2935 elaboravi.
998 2879 1118 2948 Locum,
1145 2898 1171 2933 v.
1193 2895 1342 2951 242—24
1348 2899 1375 2952 5,
1401 2879 1578 2935 adverbum

400 2985 604 3061 interpretatus
625 2985 741 3046 Theod.
766 2986 900 3042 Zielinski
924 2985 1021 3054 (Glied
1039 2985 1066 3040 d.
1085 2986 1268 3042 altattischen
1286 2986 1438 3056 Komddie,
1464 3007 1492 3062 p.
1517 2994 1574 3058 103

400 3092 467 3147 adn.
498 3095 536 3167 ι.)
564 3111 600 3148 ex
629 3092 726 3149 verbis
750 3092 823 3146 ἐλᾶτε
846 3107 875 3148 et
900 3097 1031 3161 noviomus
1055 3112 1071 3148 a
1095 3092 1292 3148 Demosthene
1321 3111 1408 3148 servo
1439 3093 1577 3147 adhibitis

400 3217 452 3254 suo
476 3199 536 3255 iure
560 3199 705 3255 concludit
736 3201 812 3255 veris
840 3201 920 3272 cquis
949 3201 975 3254 in
999 3199 1180 3254 orchestram
1206 3200 1335 3255 invectos
1358 3219 1422 3255 esse
1448 3200 1574 3272 equites3

400 3325 454 3362 nec
482 3307 573 3362 minus
603 3321 737 3382 prompte
767 3307 956 3362 assentiemur
987 3307 1183 3376 Bachmanno,
1214 3306 1261 3379 qui
1290 3303 1406 3384 (Berlin.
1432 3306 1575 3380 Philolog.

401 3412 614 3469 Wochenschr.
647 3413 725 3470 1888
763 3433 809 3474 no.
842 3431 880 3468 ao
916 3433 945 3488 p.
976 3413 1051 3487 ὑπὸ)
1087 3412 1230 3468 Zielinskii
1261 3413 1424 3488 opinionem
1461 3428 1489 3467 ut
1525 3411 1575 3467 ab·

400 3519 516 3576 surdam
551 3520 695 3593 quandam
731 3521 832 3576 reiicit.
880 3518 1022 3588 Qualibus
1051 3521 1131 3593 equis
1160 3540 1190 3576 re
1216 3539 1285 3576 vera
1309 3520 1420 3592 equites
1444 3521 1486 3574 usi
1510 3521 1573 3580 sint,

400 3626 531 3700 equidem
567 3627 680 3703 pictura
715 3640 813 3682 nostra
842 3627 960 3682 doceor.
1009 3627 1092 3695 Quae
1117 3645 1164 3682 res
1189 3627 1255 3682 mihi
1280 3647 1335 3682 non
1360 3627 1450 3682 minus
1475 3625 1574 3681 contir-

400 3747 493 3790 matur
523 3753 606 3790 versu
641 3751 699 3806 272
740 3737 766 3786 rh
786 3735 872 3790 σκέλος
890 3737 1036 3804 κυρηβάσει,
1062 3752 1136 3807 quae
1168 3732 1259 3789 verba
1288 3734 1323 3789 de
1348 3752 1486 3807 equorum
1511 3753 1573 3809 per·

399 3859 487 3896 sonas
522 3841 702 3915 gestantibus
730 3842 872 3910 dicuntur,
910 3861 995 3914 quam
1025 3840 1122 3896 verbis
1151 3841 1267 3896 Cleonis
1297 3859 1323 3894 v.
1352 3859 1388 3912 27
1396 3859 1411 3914 3
1449 3844 1494 3910 ὑφ’
1513 3844 1571 3894 οἵων

401 3951 504 4019 θηρίων
521 3951 701 4019 γαστρίζομαι.
744 3948 862 4017 Dubito,
888 3967 952 4003 num
978 3961 1057 4004 recte
1073 3946 1207 4003 Zielinski
1237 3947 1428 4022 (Glietlerung
1451 3968 1480 4022 p.
1502 3953 1572 4020 ahq)

400 4055 532 4110 adnotet:
574 4055 654 4111 »Das
684 4055 841 4129 liolgende,
882 4053 1110 4126 274-276fl,
1148 4055 1183 4110 ist
1213 4054 1278 4110 dem
1301 4053 1513 4110 Demosthenes
1541 4073 1571 4107 zu

401 4160 506 4237 geben,
532 4162 620 4218 damit
645 4162 690 4218 (lie
715 4163 882 4218 Choreuten
899 4163 961 4217 Zeit
986 4160 1092 4228 haben,
1117 4160 1314 4235 abzusteigen,
1340 4160 1396 4215 und
1421 4161 1466 4216 die
1483 4161 1570 4214 Rosse

402 4267 570 4342 wegliihren
605 4289 638 4323 zu
674 4269 798 4326 lassent
861 4269 904 4324 Ex
941 4269 1030 4342 tergis
1065 4268 1286 4323 commilitonum
1315 4279 1394 4322 certe
1419 4267 1570 4321 choreutae
