3270 4684
739 479 775 486 ..-
827 465 866 518 30
918 478 954 486 ..-

251 622 292 677 de
316 641 404 678 causa
427 624 524 679 sentiri
549 642 605 678 non
631 625 730 698 potuit,
756 643 840 697 quam
864 623 930 698 quia
955 627 982 680 in
999 623 1156 680 comoediis
1172 623 1314 681 Cratineis
1331 640 1435 701 partes

255 730 398 804 quaedam
426 731 547 798 inerant,
583 749 658 804 quae
687 729 788 786 eadem
819 731 996 808 compositae
1025 745 1107 786 erant
1136 732 1247 788 ratione
1271 750 1307 787 ac
1330 747 1433 807 partes

256 835 416 892 fabularum
441 836 655 913 Aristophanis,
692 855 764 912 quas
799 858 886 914 supra
916 838 1079 894 accuratius
1104 839 1326 913 designavimus.
1374 838 1432 894 Hic

255 956 323 1020 apte
348 943 439 1000 verba
463 958 640 1020 repetantur,
670 943 772 1018 quibus
797 945 880 1000 Kock
910 964 973 1000 eam
1004 945 1143 1000 rationem
1169 946 1280 1021 putavit
1302 945 1357 1002 sibi
1380 964 1432 1001 no-

255 1050 371 1106 tandam
397 1069 475 1106 esse:
505 1051 578 1106 »Die
603 1050 805 1106 schildernden
831 1051 943 1107 Scenen
969 1053 1020 1108 des
1044 1053 1163 1106 zweiten
1188 1051 1299 1118 Thetis,
1332 1052 1377 1108 die
1402 1053 1430 1107 in

256 1155 391 1212 infinitum
416 1156 573 1226 vermehrt,
610 1156 772 1232 ebensogut
800 1156 873 1213 aber
901 1158 978 1214 ohne
1002 1179 1034 1213 zu
1059 1176 1181 1231 grosseu
1205 1155 1342 1214 Schaden
1367 1177 1430 1214 ver-

256 1263 377 1319 mindert
407 1264 522 1319 werden
554 1263 712 1319 konnten«.
759 1263 880 1321 Platonii
910 1285 980 1322 vero
1009 1266 1045 1320 de
1075 1280 1138 1320 arte
1163 1263 1271 1320 Cratini
1301 1265 1356 1320 hnc
1385 1277 1431 1320 est

256 1369 401 1426 iudicium:
439 1371 557 1424 διασπῶν
584 1373 630 1426 τὰς
652 1373 790 1427 ὑποθέσεις
816 1372 862 1424 οὐκ
888 1371 1040 1428 ἀκολούθως
1067 1371 1165 1442 πληροῖ
1195 1405 1231 1412 -
1263 1371 1371 1427 scillcet
1402 1373 1430 1426 in

255 1475 346 1533 altera
375 1489 458 1554 parte
490 1511 526 1519 -
557 1479 590 1530 τὰ
609 1479 739 1548 δράματα,
789 1477 882 1546 Quam
920 1479 1088 1534 comoediae
1117 1478 1271 1534 Cratineae
1294 1479 1431 1554 proprie-

254 1595 342 1639 tatem
367 1585 480 1640 aliunde
505 1604 561 1640 non
585 1584 773 1660 repetendam
790 1603 856 1640 esse
872 1585 982 1640 censuit
1000 1585 1168 1658 Anonymus
1185 1584 1239 1654 ille,
1266 1584 1312 1640 vel
1328 1598 1431 1641 auctor

255 1707 338 1763 quem
365 1690 473 1761 habuit,
499 1692 551 1746 nisi
575 1711 609 1748 ex
635 1691 731 1767 prisco
755 1709 861 1747 scenae
885 1691 1012 1747 scurrilis
1036 1709 1097 1758 usu,
1122 1710 1197 1765 quae
1221 1705 1288 1746 ante
1304 1703 1430 1748 aetatem

256 1794 365 1852 Cratini
395 1797 420 1852 in
451 1799 547 1854 Attica
583 1797 716 1854 florebat.
764 1798 816 1854 Cui
845 1797 971 1874 opinioni
1000 1817 1052 1852 nos
1083 1816 1134 1873 per
1159 1797 1278 1853 aliarum
1302 1799 1429 1873 gentium

255 1905 365 1980 poesim
391 1905 530 1960 comicam
556 1905 656 1960 similia
681 1906 825 1981 persecuti
850 1905 1047 1960 assentiemur.

344 2013 405 2066 Nec
429 2011 510 2067 deest
534 2012 625 2068 altera
651 2011 696 2067 vel
720 2011 840 2086 gravior
863 2029 961 2080 causa,
987 2031 1022 2066 ex
1046 2031 1102 2084 qua
1128 2031 1226 2066 earum
1243 2029 1315 2084 quas
1330 2012 1430 2066 notavi

255 2119 379 2194 partium
403 2119 639 2195 compositionem
665 2117 763 2174 verbis
788 2119 903 2175 ἀτάκτως
922 2117 1024 2188 ἐιοῆγον
1042 2120 1073 2170 τὰ
1091 2121 1219 2188 aprinum
1240 2131 1269 2173 et
1291 2125 1335 2171 καὶ
1357 2115 1432 2174 οἶτος

254 2226 298 2292 τῆς
316 2225 483 2296 ἀρχαιότητος
494 2230 592 2295 μετεῖχε
606 2233 649 2279 aiil
661 2225 746 2295 ἠρέμα
760 2246 813 2280 ποις
826 2227 870 2290 τῆς
882 2225 993 2287 ἀταξίας
1011 2223 1167 2299 significari
1183 2239 1262 2300 puto.
1295 2224 1353 2280 Th.
1368 2225 1430 2280 Zie-

257 2331 339 2388 linski
356 2333 383 2388 in
401 2332 473 2388 libro
490 2334 539 2406 qui
555 2346 598 2388 est
615 2332 652 2388 de
668 2333 876 2407 compositione
894 2332 1063 2388 comoediae
1076 2331 1191 2388 Atticae
1204 2331 1338 2406 antiquae
1353 2331 1430 2386 haud

256 2439 351 2515 inepte
375 2457 438 2494 mea
462 2439 577 2514 quidem
602 2440 736 2516 opinione
757 2439 818 2496 steri
835 2458 890 2494 non
908 2439 1035 2514 potuisse
1052 2437 1207 2506 contendit,
1233 2437 1299 2511 quin
1315 2456 1430 2494 comoe-

256 2545 302 2600 dia
329 2545 424 2602 llttica
455 2547 571 2621 antiqua
601 2547 646 2602 cui
670 2565 773 2602 nomen
799 2547 917 2621 imponit
944 2544 1294 2612 »Cedankenkomodie«,
1319 2558 1429 2600 certum

255 2665 427 2728 apparatum
452 2654 607 2723 excoleret,
637 2673 694 2728 quo
723 2653 789 2728 quid
820 2653 859 2708 rei
884 2651 1018 2727 publicae
1042 2651 1109 2708 utile
1133 2665 1248 2727 putaret
1271 2665 1357 2728 poeta
1381 2672 1430 2708 ex-

254 2773 386 2835 poneret.
434 2759 548 2814 Minime
584 2778 655 2816 vero
690 2760 795 2814 adduci
832 2772 933 2835 potero
968 2772 998 2814 ut
1032 2765 1156 2834 agonem
1192 2777 1276 2833 (luem
1305 2759 1373 2814 dicit
1402 2760 1430 2815 in

255 2866 450 2940 antiquissima
487 2867 638 2923 comoedia
667 2867 714 2922 illo
742 2867 862 2922 consilio
890 2866 1031 2921 excultum
1063 2885 1127 2922 esse
1152 2865 1321 2922 concedam.
1368 2867 1430 2922 Nec

253 2973 386 3046 cuiquam
411 2973 544 3028 Zielinski
574 2988 708 3048 quantum
734 2973 820 3029 video
843 2973 996 3048 persuasit,
1029 2973 1143 3042 Pacem,
1175 2991 1250 3047 quae
1274 2975 1311 3028 sit
1333 2992 1430 3048 agone

256 3098 357 3146 vacua,
383 3080 541 3136 comoediis
565 3082 641 3135 veris
664 3099 699 3135 ac
723 3081 855 3154 genuinis
879 3098 935 3134 non
956 3097 1020 3134 esse
1037 3079 1291 3148 adnumerandam,
1318 3079 1431 3135 Achar-

254 3205 359 3242 nenses
389 3205 460 3242 vero
495 3201 523 3243 et
552 3187 874 3263 ‘lhesmophnriazusas
909 3206 966 3262 quo
1001 3201 1132 3263 tempore
1168 3187 1206 3242 ab
1231 3187 1429 3262 Aristophane

256 3292 359 3350 doctae
383 3309 457 3362 sunt,
483 3313 578 3369 agone
602 3307 720 3350 ornatas
744 3294 839 3351 fuisse.

345 3401 410 3474 Age
446 3419 534 3476 porro
562 3419 744 3475 quaeramus
781 3421 838 3475 qua
870 3403 981 3457 ratione
1005 3403 1031 3456 in
1058 3399 1304 3469 AcltarnensibuS,
1340 3401 1428 3470 Pace,

258 3505 379 3578 Avibus,
403 3508 486 3565 Pluto
510 3507 578 3582 quid
602 3508 643 3564 rei
667 3507 801 3584 publicae
826 3509 917 3584 prosit
941 3508 1119 3584 exponatur?
1159 3508 1293 3563 Nimirum
1319 3506 1428 3562 illarum

254 3633 444 3690 personarum
479 3615 642 3671 inductione
672 3615 698 3669 id
727 3613 789 3670 steri
813 3614 952 3684 videmus
987 3633 1063 3689 quae
1091 3614 1236 3689 quomodo
1261 3627 1430 3669 moveantur

255 3739 330 3797 pace
345 3722 516 3797 composita,
533 3721 808 3798 Nephelococcygia
825 3721 952 3790 condita,
969 3721 1051 3778 Pluto
1064 3721 1100 3776 ad
1114 3721 1265 3778 sanitatem
1278 3733 1428 3790 revocato,

256 3845 340 3882 manu
363 3841 504 3903 gestuque
529 3829 750 3886 demonstratur.
787 3827 830 3882 Ea
855 3828 968 3903 quidem
986 3827 1060 3884 ratio
1077 3827 1199 3884 maxime
1216 3828 1329 3896 idonea,
1353 3845 1429 3902 quae

255 3933 387 3990 homines
409 3935 530 4012 simplici
554 3934 649 3991 indole
673 3935 821 4011 praeditos
845 3934 970 3991 delectet
993 3947 1021 3990 et
1046 3934 1160 4002 doceat,
1185 3935 1236 4008 qui·
1257 3953 1312 3990 non
1328 3933 1429 3990 audire

254 4059 363 4096 meram
388 4041 543 4098 verborum
568 4041 816 4117 disceptationem,
842 4043 893 4098 sed
911 4042 1003 4116 magis
1019 4054 1106 4114 atque
1123 4041 1278 4118 praecipue
1295 4051 1430 4116 spectare
