3270 4684
772 544 788 548 .-
860 511 897 564 28

288 683 615 744 »Schubladenstucke«
655 686 782 744 dicimus.
843 685 902 744 Sed
937 687 1004 763 quid
1039 689 1117 763 quod
1148 689 1359 766 Aristophanes
1395 691 1467 746 huic

283 792 388 848 ‘rationi
413 793 539 868 indulget
564 794 632 870 ipsis
657 794 683 854 in
708 795 875 864 comoediis,
911 814 986 869 quae
1011 795 1119 862 iisdem,
1157 796 1334 872 temporibus
1357 797 1467 873 quibus

284 900 455 974 tragoediae
478 897 633 977 Sophoclis
657 914 686 956 et
709 901 854 978 Euripidis
877 901 914 956 ad
939 901 1180 976 elegantissimam
1205 919 1296 960 artem
1317 905 1464 964 excultae.

286 1005 510 1062 Atheniensibus
534 1007 729 1064 eruditissimis
753 1007 950 1084 spectantibus
966 1023 995 1064 et
1012 1007 1211 1078 iudicantibus,
1236 1009 1320 1066 laude
1337 1013 1464 1068 maxima

286 1114 331 1170 vel
355 1115 440 1170 etiam
465 1116 594 1190 praemio
623 1113 740 1190 publico
770 1115 874 1190 dignae
899 1116 1077 1172 existimatae
1102 1130 1175 1172 sunt.
1224 1116 1308 1185 Quae
1332 1137 1378 1174 res
1401 1139 1465 1193 quo

284 1235 437 1277 excusetur
472 1239 528 1276 non
558 1219 647 1278 habet
676 1221 728 1276 nisi
757 1223 823 1297 quia
849 1222 1042 1278 Athenienses
1071 1241 1134 1278 eam
1160 1224 1297 1280 ralionem
1322 1226 1405 1280 etiam
1431 1225 1463 1280 in

285 1328 348 1384 aliis
384 1328 477 1404 poetis
512 1327 733 1404 deprehendere
762 1342 936 1385 consuerant
964 1342 993 1384 et
1020 1330 1087 1404 quia
1118 1329 1330 1406 Aristophanes
1353 1349 1416 1388 eam
1441 1351 1462 1386 a

286 1436 379 1511 poetis
400 1450 496 1491 aetate
520 1434 717 1511 superioribus
742 1436 902 1491 hereditate
926 1451 1091 1512 acceperat.
1124 1438 1283 1504 Quominos
1300 1436 1462 1494 fabularum

286 1544 535 1598 inconcinnitatem
569 1543 755 1619 Aristophani
792 1558 937 1617 tamquam
972 1544 1119 1619 proprium
1156 1545 1252 1598 vitium
1288 1545 1463 1620 imputarent

284 1649 329 1704 vel
365 1650 446 1724 quasi
475 1669 538 1704 eum
567 1661 658 1706 artem
688 1649 880 1726 componendi
904 1648 1016 1705 fabulas
1041 1649 1184 1705 laxavisse
1208 1649 1346 1719 (licerent,
1381 1652 1462 1708 Tex-

284 1771 385 1824 torem,
412 1755 564 1824 Kockium,
590 1756 662 1812 alios
687 1757 816 1812 homines
840 1757 942 1812 doctos
967 1755 1124 1832 prohibere
1141 1755 1238 1812 debuit
1255 1757 1321 1812 illurl
1337 1758 1460 1816 Platonii

285 1878 351 1940 insol
372 1871 499 1940 διαφορᾶς
517 1875 697 1942 χαρακτήρων)
723 1871 759 1927 tle
788 1873 907 1928 Cratino
936 1873 1055 1928 dictum:
1087 1872 1204 1939 εὔστοχος
1232 1873 1259 1926 δὲ
1286 1871 1322 1926 ὤν
1350 1873 1378 1926 ἐν
1402 1877 1461 1931 ταῖς

282 1969 417 2038 ἐπιβολαῖς
440 1973 491 2022 τῶν
514 1967 655 2039 δραμάτων
678 1977 721 2022 καὶ
747 1969 898 2030 διασκευαῖς.
928 1968 984 2022 alta
1012 1971 1110 2039 προιὼν
1132 1978 1175 2022 καί
1196 1971 1314 2023 διασπῶν
1334 1974 1378 2028 τὰς
1396 1974 1460 2025 ὑπο-

283 2079 370 2133 θέσεις
388 2077 434 2128 οὐκ
452 2075 605 2132 ἀκολούθοις
623 2076 720 2146 πληροῖ
739 2077 769 2128 τὰ
783 2075 912 2145 δράματα.
949 2075 985 2131 Ut
1002 2095 1072 2132 vero
1089 2095 1145 2132 non
1162 2077 1251 2133 solum
1270 2076 1383 2134 fabulae
1400 2078 1459 2134 uni-

284 2203 387 2238 versae
412 2183 671 2253 inconcinnitatem,
701 2183 753 2238 sed
784 2184 870 2238 etiam
898 2181 1019 2238 eandem
1045 2182 1119 2238 illam
1145 2185 1334 2258 componendi
1359 2197 1459 2260 partes

282 2290 422 2366 quasdam
452 2291 591 2346 rationem
620 2311 638 2345 a
662 2287 858 2366 superioribus
882 2291 976 2365 poetis
1002 2289 1188 2365 Aristophani
1214 2291 1347 2346 traditam
1372 2291 1458 2348 luisse

283 2396 431 2474 probetur,
468 2416 577 2473 operae
614 2398 734 2473 pretium
760 2397 813 2452 erit
837 2396 1064 2472 interpretationi
1090 2396 1145 2452 loci
1170 2397 1316 2452 cuiusdam
1340 2398 1367 2452 in
1392 2418 1458 2474 pro·

283 2505 441 2580 legumenis
476 2505 512 2558 tle
548 2503 698 2561 comoedia
734 2503 872 2560 exstantis
908 2521 1005 2558 rursus
1034 2522 1145 2558 manum
1170 2504 1336 2570 admovere,
1372 2525 1457 2580 quern

283 2612 374 2668 locum
411 2626 460 2666 aut
494 2630 551 2668 non
580 2625 658 2667 recte
684 2610 851 2686 perspicere
875 2610 927 2665 viri
953 2608 1030 2664 docti
1055 2609 1194 2678 ridentur,
1231 2624 1280 2666 ant
1305 2612 1349 2666 cni
1372 2611 1457 2666 sidem

284 2717 447 2774 habendam
471 2737 536 2774 esse
561 2737 679 2794 prorsus
703 2731 819 2791 negant.

373 2825 582 2898 AnonymusV
608 2820 770 2904 (Duebner)
795 2837 946 2900 postquam
971 2826 1104 2900 exposuit
1132 2824 1311 2880 comoediam
1335 2841 1364 2881 et
1387 2825 1458 2881 anti-

281 2953 367 3007 quam
392 2947 421 2988 et
444 2951 549 2988 novam
574 2933 716 2988 exstitisse
741 2930 820 2986 addit
846 2931 970 2986 haecce:
996 2939 1039 2983 καὶ
1064 2931 1128 2997 αὐτῇ
1153 2929 1180 2984 δὲ
1204 2931 1219 2995 ὴ
1243 2931 1344 2985 παλαιὰ
1368 2933 1459 2996 ἑαυτῆς

283 3039 400 3110 διαφέρει
417 3047 461 3092 καὶ
481 3041 532 3108 γὰρ
550 3037 577 3091 σί
595 3039 622 3090 ἐν
639 3039 740 3111 Ἀττικῇ
759 3039 861 3106 πρῶτον
883 3039 1068 3106 συστησάμενοι
1088 3038 1117 3089 τὸ
1137 3036 1293 3105 ἐπιτήδευμα
1312 3041 1356 3103 τῆς
1368 3059 1459 3106 κωμῳ-

281 3146 339 3202 δίας
351 3143 429 3216 (ἦσαν
448 3145 476 3199 δὲ
495 3143 520 3198 οί
531 3152 589 3216 περὶ
602 3147 783 3215 Σουοαρίοινα)
802 3152 845 3198 καὶ
865 3147 897 3198 τὰ
915 3147 1043 3212 πρόστυπα
1062 3139 1161 3212 είςῆγον
1180 3145 1296 3200 ἀτάκτοις
1313 3152 1357 3198 καὶ
1374 3148 1457 3212 μόνος

281 3249 313 3317 ἦν
335 3252 414 3321 γέλοια
437 3255 465 3306 τὸ
488 3253 751 3318 κατασκευαζόμενον.
793 3251 985 3320 Ἐπιγενὸμενος
1009 3249 1037 3304 δὲ
1061 3252 1074 3304 b
1094 3253 1223 3320 Κρατῖνος
1245 3254 1382 3317 κατέστησε
1406 3254 1457 3320 μὲν

280 3363 384 3429 πρῶτον
406 3361 439 3412 τὰ
462 3359 489 3411 ἐν
512 3361 543 3432 τῇ
567 3357 690 3427 κωμῳδία
713 3361 841 3428 πρόστυπα
863 3360 936 3426 μέχρι
960 3361 1038 3426 τριῶν
1063 3361 1189 3423 συστήσας
1212 3359 1258 3423 τὴν
1282 3357 1393 3422 ἀταξίαν
1412 3366 1458 3412 καὶ

282 3469 317 3532 τῷ
340 3469 453 3534 χαρίεντι
476 3469 522 3534 τῆς
545 3463 682 3534 κωμῳδίαι
707 3467 735 3518 τὸ
763 3464 895 3534 ὠφέλιμον
922 3467 1075 3534 προσέθηκε,
1106 3469 1165 3521 τοὺς
1188 3466 1272 3520 κακιῦτ
1294 3468 1458 3535 πράττονται

281 3572 430 3642 διαβάλλων
453 3580 497 3626 καὶ
516 3567 602 3642 ὥσπερ
621 3571 733 3640 δημοσίᾳ
751 3576 857 3641 μάστιγι
877 3574 908 3646 τῇ
927 3569 1050 3640 κοιιιῳδία
1069 3570 1192 3634 κολάζων.
1213 3570 1269 3624 ἀλλ’
1290 3571 1327 3623 ἔτι
1344 3573 1394 3640 μὲν
1411 3579 1457 3626 καί

279 3675 354 3736 οἶτος
370 3681 416 3746 τῆς
434 3679 604 3749 ἀρχαιὺτητος
621 3683 720 3748 μετεῖχε
739 3686 784 3732 καὶ
802 3679 885 3750 τ’ρέμα
903 3700 958 3735 πως
976 3681 1021 3746 τῆς
1039 3677 1158 3742 ἀταξίας·
1178 3679 1293 3747 ὁμέντοι
1305 3699 1333 3747 γε
1345 3679 1458 3748 Ἀριστο-

282 3789 365 3855 φάνης
387 3785 551 3854 pastoriribus
573 3789 754 3856 τεχνικώτερον
779 3788 821 3842 τίς
842 3787 905 3855 μεθ’
932 3787 1022 3839 ἑαυτοῦ
1041 3787 1087 3850 τὴν
1106 3783 1246 3853 κωμῳδίαν
1265 3784 1410 3856 ἐνέίαμψεν
1429 3785 1457 3837 ἐν

281 3897 381 3956 ἅπασιν
402 3901 497 3970 ὀφθεὶς
515 3897 582 3955 οὕτω
600 3902 654 3956 κτλ,
694 3903 737 3956 Ne
760 3903 823 3976 quis
847 3915 955 3956 temere
980 3919 1025 3956 me
1049 3914 1166 3957 accuset
1190 3900 1248 3956 salli
1272 3920 1316 3956 me
1341 3920 1403 3956 eum
1428 3902 1456 3956 in

282 4008 406 4076 modum,
436 4022 465 4064 ut
489 4023 636 4065 auctorem
661 4007 791 4064 manibus
815 4022 914 4064 tenere
938 4007 1004 4064 mihi
1034 4007 1143 4076 videar,
1173 4009 1220 4082 qui
1245 4008 1281 4063 de
1305 4008 1456 4064 comoedia

279 4116 389 4172 Cratini
425 4129 520 4172 aetate
556 4117 717 4190 antiquiore
752 4129 901 4190 comperta
931 4113 1064 4171 habuerit
1091 4115 1273 4172 accuratiora
1302 4113 1454 4190 quaedam,

278 4243 365 4298 quam
395 4244 469 4298 (tune
498 4242 551 4279 nos
579 4242 631 4298 per
658 4223 840 4278 Aristotelem
870 4223 988 4294 scirnusj,
1026 4221 1051 4275 irl
1082 4235 1199 4286 tantum,
1235 4221 1285 4276 serl
1310 4220 1387 4295 quod
1412 4234 1456 4276 est
