3270 4684
106 686 190 724 vero
215 667 293 722 iuvat
315 667 415 722 oculos
439 684 536 722 rursus
560 665 696 722 adiicere.
730 668 760 722 ln
780 667 922 742 amphora
941 686 1011 723 mus.
1030 668 1124 724 Berol.
1141 687 1188 724 no.
1213 667 1291 743 1697

106 773 208 830 facies
231 774 356 848 equiturn
381 786 459 830 certe
483 785 548 828 sunt
571 774 674 842 nudae,
699 792 756 848 qua
778 774 813 830 de
831 793 919 830 causa
937 773 1081 842 Panolka,
1107 776 1124 830 l.
1142 793 1167 835 c.
1193 795 1222 851 p.
1242 792 1292 846 24,

105 895 141 938 et
170 882 233 957 ipse
257 898 398 957 personas
421 880 527 936 abesse
550 879 707 937 arbitratus
732 881 843 937 hancce
866 881 977 957 profert
1000 882 1177 957 opinionem:
1207 882 1294 938 ndass

108 989 180 1045 der‘
194 987 312 1062 Mangel
336 986 501 1053 komischer
526 987 647 1043 Masken
670 987 728 1042 und
745 987 881 1043 Coststme
905 1005 962 1043 von
985 988 1077 1044 seiten
1101 988 1154 1044 der
1169 989 1294 1062 Krieger

108 1095 171 1152 das
200 1093 309 1152 Abbild
344 1095 423 1150 einer
457 1094 707 1150 Komodienscene
743 1094 828 1150 kaum
863 1093 1000 1150 zulasst«.
1059 1094 1185 1152 Chorum
1221 1113 1302 1152 vero.

108 1203 257 1258 comicum
281 1202 424 1278 depictum
449 1219 514 1257 esse
537 1219 573 1256 ex
597 1201 639 1268 iis,
664 1219 739 1274 quae
763 1219 850 1277 supra
874 1202 1004 1278 exposui,
1029 1202 1090 1258 sole
1115 1216 1159 1258 est
1175 1202 1289 1270 clarius,

109 1309 167 1365 sed
192 1311 354 1370 statuamus
376 1321 493 1384 oportet
515 1325 657 1383 personas
685 1307 732 1363 illa
760 1319 856 1364 aetate
885 1327 1067 1382 nequaquam
1090 1309 1230 1385 postulari
1254 1309 1291 1364 ad

110 1415 300 1490 obtegendas
334 1415 536 1472 choreutarum
572 1413 670 1470 facies.
729 1413 829 1470 Utrum
864 1415 1012 1491 pigmento
1047 1415 1149 1472 luerint
1184 1414 1301 1472 oblitae·

112 1523 227 1580 illorum
253 1522 341 1578 iacies
365 1540 419 1578 nec
442 1540 487 1592 ne,
512 1522 607 1598 pictor
630 1540 684 1598 pro
707 1521 845 1597 pingendi
869 1535 931 1578 arte
956 1523 983 1578 in
999 1536 1058 1579 tarn
1074 1523 1198 1596 antiquis
1215 1524 1299 1579 vasis.

113 1629 248 1687 adhibita
271 1629 433 1706 exprimere
460 1629 549 1684 noluit
572 1629 618 1684 vel
647 1647 703 1684 non
734 1629 826 1704 potuit
872 1629 1006 1686 Ceterum
1030 1629 1154 1686 musicus
1177 1648 1291 1704 quoque

113 1755 243 1814 persona
266 1751 310 1794 est
333 1735 434 1792 nudus.
466 1736 497 1791 ln
517 1736 659 1812 amphora
676 1753 747 1792 mus.
765 1737 863 1792 Berol.
880 1755 927 1792 no.
951 1736 1031 1810 1830
1049 1750 1078 1793 et
1094 1737 1121 1793 in
1137 1737 1291 1794 oenochoe

115 1865 188 1900 mus.
214 1845 283 1900 Brit.
307 1842 440 1919 personis
462 1841 617 1899 artificiose
641 1841 789 1900 fabricatis
810 1855 839 1899 et
855 1843 1025 1900 musicorum
1042 1857 1071 1900 et
1087 1844 1290 1900 choreutarum

115 1953 214 2028 capita
237 1963 340 2028 operta
364 1961 437 2006 sunt.
475 1947 536 2006 Sub
560 1949 607 2005 illa
631 1951 717 2026 igitur
740 1963 882 2026 tempora,
907 1949 1010 2024 quibus
1033 1951 1171 2028 Thespis,
1197 1951 1291 2008 Choe-

116 2059 194 2126 rilus,
224 2057 415 2132 Phrynichus,
446 2057 618 2130 Aeschylus,
648 2057 671 2112 si
695 2075 770 2130 quae
793 2055 901 2114 Suidae
925 2056 996 2114 fides
1021 2057 1156 2114 habenda
1180 2072 1233 2128 est,
1263 2059 1294 2114 in·

117 2180 180 2222 arte
207 2183 349 2242 personas
377 2165 504 2239 tragicas
534 2162 693 2221 fabricandi
721 2165 767 2220 alii
792 2165 848 2221 alia
873 2163 1058 2235 innovabant,
1089 2165 1116 2220 in
1140 2165 1290 2221 comoedia

118 2273 162 2329 vel
187 2273 279 2328 comis
302 2271 449 2344 Dionysiis
473 2289 578 2346 magna
594 2290 783 2347 personarum
800 2270 941 2347 perfectio
957 2269 1121 2328 constabat.
1154 2271 1290 2328 Colorum

118 2380 252 2448 varietas,
282 2397 367 2452 quam
397 2378 516 2454 tragicis
544 2380 676 2455 personis
706 2379 883 2452 Aeschylum
911 2378 1064 2435 addentem
1094 2377 1162 2434 lacit
1184 2376 1301 2435 Suidas.

117 2487 278 2572 (προσωπεῖα
306 2483 377 2539 δεινὰ
404 2491 449 2538 καὶ
472 2487 591 2555 χρώμασι
616 2481 781 2566 κιχρισμένα)
817 2485 944 2541 comicas
972 2485 1134 2541 iamdudum
1166 2484 1290 2542 ornabat

122 2611 270 2668 personas.

205 2701 245 2756 At
267 2719 312 2769 ea,
337 2719 412 2773 quae
435 2699 472 2755 de
495 2699 621 2775 pristinis
645 2698 813 2754 comoediae
838 2699 1019 2755 incrementis
1042 2717 1078 2755 ex
1100 2702 1298 2758 monumentis.

120 2806 202 2862 modo
226 2805 381 2874 effecimus,
418 2825 582 2882 repugnare
606 2807 648 2874 iis,
677 2824 752 2879 quae
781 2805 817 2862 de
841 2819 972 2882 tempore
994 2824 1052 2879 quo
1076 2806 1227 2864 comoedia
1251 2809 1288 2864 ad

120 2913 300 2970 excultiorem
324 2927 415 2969 artem
440 2913 578 2990 progredi
602 2913 732 2989 coeperit
756 2913 858 2968 coniici
882 2913 984 2980 solent,
1010 2931 1094 2969 nemo
1115 2915 1178 2984 erit,
1203 2933 1287 2988 quem

121 3021 145 3075 in
167 3020 290 3095 legendo
313 3019 457 3095 effugerit.
489 3019 641 3094 Philologi,
667 3038 730 3074 cum
755 3020 924 3075 comoediae
948 3020 1171 3093 antiquissimum
1194 3041 1289 3078 exem-

121 3127 180 3202 plar
202 3127 279 3204 apud
302 3129 425 3182 animum
450 3127 570 3184 reficere
597 3127 721 3196 student,
752 3127 789 3183 ad
815 3126 980 3183 Aristotelis
1003 3125 1095 3183 verba
1119 3126 1297 3203 plerumque·

121 3251 180 3290 sese
202 3234 352 3310 applicare
375 3234 476 3303 solent,
502 3234 549 3308 qui
573 3234 600 3289 in
625 3233 729 3310 Capite
746 3233 784 3290 lV
809 3232 873 3290 libri
897 3234 944 3307 qui
968 3246 1013 3290 est
1029 3233 1065 3289 de
1081 3247 1144 3290 arte
1160 3235 1285 3310 poetica,

122 3362 137 3396 a
168 3341 424 3418 phallophororum
460 3341 747 3398 commessationibus
781 3354 911 3397 exortam
947 3341 1125 3396 comoediam
1162 3342 1286 3398 coniicit.

123 3449 209 3517 Quam
233 3447 427 3504 coniecturam
452 3449 490 3503 ita
515 3447 697 3524 interpretari
721 3448 823 3515 solent,
847 3460 878 3502 ut
901 3448 980 3503 circa
1003 3465 1094 3504 annos
1113 3447 1286 3520 520-480

124 3555 226 3611 minime
251 3573 314 3611 eam
339 3568 498 3631 apparatus
520 3555 626 3611 scenici
643 3554 848 3631 perlectionem
867 3555 1035 3611 comoediae
1052 3553 1186 3624 tribuant,
1212 3574 1286 3629 quae

123 3674 237 3737 apparet
272 3663 299 3718 in
333 3663 531 3733 monumentis
568 3661 604 3717 de
639 3660 743 3735 quibus
776 3662 950 3735 quaerimus.
1004 3662 1100 3718 Diviui
1128 3661 1182 3718 viri
1211 3662 1285 3718 illam

123 3768 285 3844 opinionem,
322 3769 345 3824 si
370 3787 434 3824 cum
458 3782 704 3825 monumentorum
729 3770 897 3831 testimoniis
921 3769 1068 3825 conciliari
1091 3769 1205 3825 omnino
1229 3788 1285 3825 non

124 3888 218 3950 potest,
246 3874 374 3932 abiicere
398 3874 482 3932 nobis
505 3893 561 3930 non
586 3875 786 3949 dubitandum3
815 3895 879 3932 nam
904 3895 940 3932 ex
963 3875 1088 3931 vasculis
1111 3894 1165 3952 per
1187 3893 1286 3932 saecu·

125 3983 203 4038 lorum
234 3983 343 4038 ruinam
380 3983 451 4038 miro
486 4001 554 4039 casu
591 3983 771 4039 conservatis
799 3983 989 4040 testimonium
1017 4001 1122 4038 novum
1150 4001 1186 4038 ac
1209 3983 1285 4038 omni

126 4089 278 4144 coniectura
302 4089 433 4165 superius
457 4101 586 4146 tenemus
610 4090 752 4147 manibus.
792 4091 936 4160 Attamen,
962 4091 1015 4146 etsi
1038 4089 1177 4165 temporis
1200 4089 1295 4158 ratio,
