3270 4684
766 479 979 534 *32-

281 635 503 712 Aristophanes
528 637 605 711 quod
630 655 705 712 quae
729 638 756 693 in
773 637 949 714 reipublicae
966 638 1212 694 administratione
1229 638 1456 714 reprehensione

279 741 366 816 digna
391 744 416 798 ei
441 743 616 812 viderentur,
642 742 738 800 sabula
763 743 853 800 libere
875 745 991 800 inventa
1007 759 1036 800 et
1053 745 1123 800 satis
1140 764 1245 820 magna
1262 746 1456 802 concinnitate

278 862 381 904 ornata
406 849 518 922 docuit3
543 850 645 924 ingens
670 850 725 920 ille,
751 849 905 907 dummodo
929 864 1009 907 recte
1033 853 1207 918 aestimetur,
1233 852 1303 908 artis
1324 853 1454 908 comicae

279 973 461 1031 progressus.
521 957 552 1012 ln
592 956 787 1034 compluribus
822 959 1014 1034 posteriorum
1051 957 1210 1014 fabularum
1233 959 1454 1035 ,componendis

278 1063 385 1118 veteris
409 1063 579 1120 comoediae
604 1064 818 1119 instrumentum
843 1083 941 1119 rursus
964 1064 1121 1120 adamavit.

367 1169 562 1226 Wilamowitz
585 1171 721 1235 (Hermes
740 1172 788 1239 lX,
820 1171 911 1244 1875,
937 1191 965 1247 p.
986 1170 1070 1245 338),
1096 1183 1249 1246 postquam
1267 1173 1359 1228 locum
1377 1173 1452 1228 illurn

277 1275 392 1331 citavit:
433 1277 546 1345 »Nun«,
572 1277 669 1352 inquit,
699 1278 793 1332 »kann
818 1290 910 1333 etwas
935 1277 1094 1334 deutlicher
1117 1279 1187 1347 sein,
1214 1279 1256 1334 als
1281 1278 1349 1334 (lass
1369 1279 1453 1352 jener

276 1383 355 1453 γέλως
374 1388 529 1456 Μεγαρικὸς,
551 1384 606 1441 (len
632 1385 682 1438 wir
707 1384 783 1440 oben
808 1385 854 1442 bei
879 1386 933 1442 den
958 1386 1101 1442 attischen
1117 1385 1276 1442 Komikern
1293 1399 1453 1462 verspottet

277 1488 391 1558 landen,
413 1491 480 1564 jene
504 1492 627 1560 κωμῳδία
647 1512 764 1562 pomum,
789 1491 873 1548 allein
899 1493 944 1548 die
969 1492 1086 1549 h'arben
1109 1511 1143 1546 zu
1167 1491 1273 1548 diesem
1300 1493 1456 1568 ssitdege

277 1597 371 1652 lichen
397 1598 480 1654 hatis
531 1597 590 1654 Sed
614 1599 639 1654 ei
664 1617 788 1673 quoque,
821 1599 865 1654 cui
894 1597 1040 1674 quaelibet
1064 1596 1180 1654 traditio
1209 1599 1236 1654 in
1260 1599 1451 1674 suspicionem

277 1704 363 1770 venit,
400 1706 427 1760 in
456 1725 513 1780 qua
536 1703 675 1760 Susarion
701 1717 885 1775 memoratur,
917 1705 1000 1774 haec,
1031 1723 1105 1780 quae
1130 1703 1291 1774 abiiciatur,
1328 1725 1384 1760 non
1408 1721 1451 1762 est

258 1811 374 1895 digna.
423 1811 594 1868 Accuratius
629 1812 722 1867 locum
751 1812 955 1868 examinemus.
1002 1811 1031 1866 Τ
1032 1831 1079 1868 res
1103 1812 1212 1886 gradus
1237 1825 1451 1888 percurrentem

277 1919 345 1974 lacit
369 1919 547 1974 comoediam
572 1935 683 1985 auctor,
714 1919 752 1974 ita
780 1931 810 1974 ut
833 1920 915 1975 trium
946 1932 1095 1995 poetarum
1120 1919 1300 1975 inventiones
1324 1920 1396 1974 inter
1420 1939 1451 1976 se

275 2037 472 2101 opponantur:
509 2025 779 2100 antiquissimorum,
809 2025 928 2095 Cratini,
962 2025 1174 2102 Aristophanis.
1226 2026 1326 2100 Itaque
1351 2025 1451 2082 iterum

275 2132 418 2206 legentem
454 2151 499 2188 me
534 2130 683 2188 offendunt
719 2131 810 2188 uerba
833 2127 901 2200 ἦσαν
920 2131 947 2186 δὲ
966 2129 1067 2201 οἱπερὶ
1086 2135 1263 2204 Σουσαρίωνα,
1293 2132 1396 2206 quibus
1424 2133 1450 2187 in

275 2239 373 2294 verbis
396 2239 457 2295 sine
481 2238 569 2295 dubio
594 2239 680 2294 inest:
716 2237 856 2295 Susarion
881 2258 944 2294 curn
969 2237 1130 2312 actoribus3
1155 2239 1287 2313 equidem
1312 2253 1451 2315 exspecto

275 2345 384 2422 primos
412 2359 515 2422 poetas
545 2345 666 2416 Atticos,
703 2347 749 2420 qui
779 2346 926 2401 Cratinum
961 2346 1143 2402 antecedunt.
1192 2345 1291 2414 Quare
1319 2345 1451 2421 suspicor

275 2452 471 2529 parenthesim
507 2452 581 2508 illam
610 2449 678 2521 ἦσαν
701 2452 728 2506 δὲ
747 2451 773 2506 οἱ
789 2461 848 2524 περὶ
872 2456 1043 2522 ὶουσαρίωνα
1065 2452 1209 2508 subditam
1238 2471 1302 2508 esse
1330 2453 1357 2508 ei
1384 2453 1450 2509 loco

275 2577 312 2615 cx
334 2559 392 2613 alio
415 2559 540 2635 quodam
565 2559 652 2628 fonte,
678 2561 704 2615 in
728 2577 786 2635 quo
802 2557 941 2615 Susarion
959 2560 1060 2615 inerat.
1094 2558 1192 2615 Verba
1217 2577 1287 2615 vero
1306 2559 1449 2633 Anonymi

275 2679 464 2722 manaverunt
498 2685 534 2722 ex
568 2666 697 2741 quolibet
732 2665 819 2734 fonte,
856 2667 882 2720 in
918 2685 976 2741 quo
1004 2679 1071 2722 ante
1102 2666 1248 2722 Cratinum
1273 2667 1397 2740 Magnes
1420 2681 1450 2721 et

274 2772 412 2848 aequales
435 2773 504 2842 eius,
530 2787 629 2849 utpote
650 2774 697 2848 qui
715 2772 841 2829 habendi
858 2787 953 2829 essent
980 2773 1007 2824 ἐν
1024 2773 1123 2844 Ἀττικῇ
1141 2775 1245 2844 πρῶτον
1264 2775 1449 2842 συστησάμενοι

274 2882 303 2932 rh
322 2878 479 2948 ἐπιτήδευμα
497 2882 542 2944 τῆς
560 2878 703 2947 κωμῳδίας,
736 2880 885 2935 memorati
914 2893 1005 2948 erant,
1044 2879 1081 2934 ita
1113 2892 1142 2933 ut
1170 2877 1349 2934 comoediam
1378 2897 1448 2955 pure

275 2986 401 3042 Atticam
433 3005 497 3042 esse
525 2987 549 3041 is
572 2985 659 3042 vellet
682 2999 793 3042 auctor.
844 2988 942 3060 ltaque
966 3004 1080 3054 vereor,
1107 3004 1141 3041 ne
1167 2985 1362 3040 Wilamowitz
1384 3003 1449 3061 pro-

273 3091 399 3149 babilem
425 3093 628 3161 coniecturam,
657 3110 742 3167 quarn
767 3093 803 3148 de
827 3092 995 3149 comoediae
1013 3093 1128 3147 Atticae
1144 3091 1339 3166 antiquissima
1357 3091 1447 3148 lorma

274 3201 398 3276 optimus
421 3200 536 3274 quidam
561 3213 663 3256 auctor
686 3199 826 3269 ediderat,
853 3199 1000 3256 abiecerit.

849 3413 875 3450 2.

363 3519 479 3575 Certum
514 3519 660 3593 quoddam
696 3520 867 3575 elementum
903 3539 966 3574 curn
1003 3521 1057 3574 iam
1093 3519 1264 3574 seiunxerim
1300 3537 1336 3574 ex
1364 3529 1447 3594 parte

274 3605 443 3683 comoediae
471 3637 537 3701 post
565 3625 731 3701 parabasim
760 3626 815 3680 sita
844 3626 930 3700 idque
953 3627 1152 3702 perantiquum
1177 3643 1242 3681 esse
1266 3624 1395 3694 dixerim,
1421 3625 1446 3680 in

274 3732 500 3789 controversiam
525 3734 629 3789 vocavi
654 3751 698 3803 ea,
723 3751 798 3808 quae
823 3732 859 3788 de
883 3732 1033 3789 comoedia
1058 3733 1253 3806 antiquissima
1277 3749 1313 3787 ex
1337 3732 1447 3787 Aristo-

273 3839 377 3916 phanis
400 3857 475 3914 quae
499 3851 613 3896 castam
637 3839 739 3895 fabulis
763 3839 890 3895 eruenda
914 3851 1122 3896 commentatus
1151 3854 1194 3894 est
1218 3839 1277 3895 Th.
1303 3838 1446 3894 Zielinski.

273 3946 382 4003 Contra
417 3965 462 4014 ea,
498 3965 573 4022 quae
608 3947 646 4002 ab
682 3947 729 4002 illo
759 3950 820 4004 viro
850 3948 1016 4003 doctissimo
1044 3947 1179 4023 exposita
1204 3960 1277 4014 sunt,
1314 3959 1344 4001 ut
1367 3964 1447 4002 meas

273 4066 371 4129 partes
407 4052 568 4122 delendam,
605 4055 702 4110 lacere
737 4074 793 4110 non
828 4069 941 4131 potero,
978 4054 1044 4128 quin
1073 4053 1110 4108 ad
1140 4071 1244 4109 causas
1272 4072 1289 4108 a
1313 4053 1381 4109 viris
1404 4054 1445 4108 rei

272 4159 456 4236 peritioribus
480 4161 535 4216 iarn
559 4161 689 4236 prolatas
712 4162 817 4216 addam
842 4181 960 4237 paucam,
987 4179 1022 4216 cx
1046 4159 1149 4235 quibus
1165 4160 1238 4216 duas
1254 4159 1316 4215 illas
1333 4177 1445 4216 comoe-
