3270 4684
635 522 840 578 „15-

148 695 332 760 spectatores
367 701 446 738 usum
479 683 505 737 in
534 683 567 737 iis
596 681 710 738 infuisse
734 682 936 758 respondeam.
985 682 1054 739 lllud
1078 701 1149 738 vero
1172 685 1272 758 llagito
1295 695 1324 739 et

152 789 278 844 invenire
300 790 396 863 gestio
412 788 601 864 phallicorum
618 808 719 864 genus,
746 790 771 844 in
788 807 845 862 quo
861 801 970 845 certum
987 791 1199 866 personationis
1214 808 1322 856 semen,

150 895 226 951 unde
250 895 330 952 chori
355 896 457 952 comici
480 914 669 972 personarum
694 897 820 952 varietas
844 897 924 952 nasci
947 910 1059 972 posset,
1086 896 1204 953 latebat.

240 1002 359 1058 Hancce
385 1003 467 1058 velim
485 1003 615 1077 sequaris
631 1003 892 1059 ratiocinationem:
921 1004 1112 1072 Monumenta,
1138 1023 1209 1060 mus.
1228 1005 1322 1060 Berol.

152 1127 199 1164 no.
229 1107 310 1183 1830
336 1123 364 1164 et
387 1110 538 1166 oenochoe
562 1129 633 1166 mus.
653 1110 732 1178 Brit,
757 1129 841 1183 quam
867 1109 984 1166 mirifice
1008 1125 1169 1186 congruant
1192 1129 1255 1166 cum
1281 1111 1323 1180 iis,

149 1233 226 1290 quae
262 1216 297 1272 de
325 1217 479 1290 Magnetis,
516 1217 701 1290 antiquissimi
736 1230 842 1293 poetae
877 1218 988 1287 comici,
1025 1231 1088 1274 arte
1116 1237 1151 1273 ac
1179 1218 1260 1294 poesi
1289 1236 1323 1273 ex

153 1323 284 1378 versibus
301 1324 351 1384 Ar,
370 1324 444 1397 Equ.
464 1341 524 1396 5²²
542 1343 607 1397 sqq.
619 1321 639 1404 ¹)
663 1323 830 1392 efficiuntur,
855 1323 959 1394 Smith‚
985 1324 1002 1379 1.
1021 1345 1045 1379 c.
1072 1344 1100 1400 p.
1121 1343 1192 1398 313,
1218 1325 1325 1400 optime

150 1429 321 1486 observavit
344 1449 436 1504 neque
461 1429 631 1487 deliberatio
655 1451 690 1487 ea
714 1432 822 1488 vasculi
844 1451 890 1487 no.
915 1434 993 1506 1697
1012 1450 1082 1488 mus.
1101 1432 1196 1488 Berol.
1213 1433 1325 1508 pictura

152 1555 208 1592 non
233 1535 369 1598 firmatur.
418 1539 581 1613 Magnetem
605 1539 672 1594 nibil
698 1538 801 1595 secisse
825 1539 877 1594 nisi
902 1539 1038 1594 maiorum
1064 1557 1143 1594 more
1164 1539 1246 1594 chori
1261 1557 1325 1615 per-

150 1661 239 1699 sonas
263 1644 300 1699 ad
325 1645 487 1700 animalium
510 1646 686 1722 exemplaria
711 1644 906 1701 conformatas
927 1645 1071 1701 induxisse
1086 1665 1122 1701 ex
1139 1647 1326 1702 monumentis

154 1769 255 1806 eruere
281 1769 333 1806 nos
357 1751 471 1824 quidem
496 1771 553 1808 non
577 1751 780 1822 dubitabimus,
807 1753 845 1808 ita
866 1766 896 1808 ut
912 1753 1083 1828 perantiqua
1100 1752 1167 1808 talia
1184 1753 1211 1808 in
1229 1753 1325 1808 Attica

153 1857 239 1912 fiiisse
263 1874 435 1934 appareant.
484 1859 549 1928 Qua
573 1879 614 1929 re,
644 1861 667 1914 si
696 1860 759 1933 quis
782 1877 955 1935 comparare
980 1876 1031 1915 nos
1055 1859 1134 1915 iubet
1157 1859 1326 1916 comoediae

154 1964 269 2020 Atticae
294 1965 413 2021 eborum
437 1965 711 2043 theriomorphicum
736 1985 799 2022 curn
823 1967 956 2042 personis
979 1965 1159 2040 quibusdam,
1185 1985 1259 2040 quae
1281 1967 1325 2023 vel

154 2072 259 2126 nostris
283 2071 461 2147 temporibus
484 2085 513 2128 et
536 2073 612 2148 apud
637 2073 801 2129 Germanos
824 2087 853 2128 et
876 2073 953 2148 apud
977 2073 1049 2128 alias
1072 2085 1175 2148 gentes
1198 2073 1325 2150 eprisca

155 2178 293 2252 religione
332 2191 397 2234 sunt
435 2179 562 2253 reliquae
601 2175 803 2259 (Mannhardt,
843 2180 1079 2254 Mythologische
1118 2180 1326 2255 Forscbungen

154 2283 185 2340 S.
222 2284 316 2358 143ff.
346 2286 551 2362 »Perekopp«‚
592 2283 809 2366 »Lollrosch«)‚
845 2306 880 2342 ea
910 2287 1091 2343 ratiocinatio
1119 2287 1218 2361 figuris
1246 2287 1328 2363 Mag-

155 2392 228 2448 netis
251 2405 347 2448 aetate
371 2392 579 2466 antiquioribus
603 2394 673 2449 mire
697 2392 889 2470 adiuvatur2).

244 2499 309 2568 Qua
335 2519 405 2556 vero
429 2519 464 2556 ne
488 2502 706 2574 acquiescamus
734 2501 761 2555 in
786 2519 826 2556 re.
874 2501 945 2556 Tria
975 2501 1042 2556 mibi
1071 2501 1203 2558 videntur
1226 2501 1328 2578 depre-

158 2605 252 2674 hendi,
278 2625 352 2680 quae
376 2609 536 2663 communia
561 2621 625 2663 sunt
648 2607 781 2683 phallicis
805 2607 928 2664 Graecis
956 2627 1020 2664 curn
1044 2609 1212 2664 nostratium
1236 2627 1325 2674 more,

155 2731 238 2786 quem
274 2733 361 2790 supra
398 2716 627 2770 memoravimus.
675 2715 804 2782 Quorum
839 2715 933 2790 primo
962 2714 1026 2771 loco
1054 2728 1123 2770 noto
1147 2715 1326 2771 saltationem

156 2821 306 2877 immanem
335 2823 484 2877 comicam.
534 2823 629 2894 Atque
658 2821 704 2876 hic
733 2841 788 2878 non
813 2821 986 2898 negligenda
1012 2821 1143 2878 videntur
1167 2821 1223 2892 illa,
1253 2839 1328 2896 quae

156 2927 237 2984 Edel.
275 2927 312 2984 du
340 2928 423 2984 Meril
452 2930 478 2984 in
507 2927 590 2996 libro,
626 2929 674 3002 qui
709 2928 872 2985 inscribitur
903 2929 1049 2984 »Histoire
1080 2929 1116 2984 de
1147 2929 1173 2984 la
1198 2928 1328 2986 comedis

155 3036 312 3092 ancienne«
340 3037 410 3108 (vol.
429 3038 448 3103 1,
474 3057 503 3112 p.
524 3035 665 3110 72-81)
689 3037 830 3112 exposuit.
867 3037 924 3106 Qui
949 3038 991 3092 vir
1016 3037 1127 3106 doctus,
1156 3053 1328 3109 quamquam

156 3143 183 3196 in
208 3140 396 3199 deliberando
420 3161 476 3198 non
500 3163 536 3199 eo
560 3144 702 3219 processit
725 3157 755 3199 ut
775 3144 894 3200 chorum
911 3143 1185 3220 theriomorpbicum
1204 3142 1328 3198 Atticum

155 3267 191 3304 ex
222 3249 323 3305 eodem
354 3250 400 3304 illo
431 3249 508 3306 lonte
537 3251 723 3308 derivandum
747 3271 812 3308 esse
836 3253 963 3321 sentiret,
1001 3263 1095 3306 tamen
1119 3249 1193 3305 bene
1218 3250 1328 3319 meruit,

230 3511 248 3580 ¹)
268 3513 354 3566 πάσας
374 3509 459 3578 d'ipiv
479 3513 570 3578 φωνὰς
596 3509 641 3566 iac
663 3519 707 3564 11111
728 3511 837 3580 ψάλλων
856 3518 900 3563 καὶ
919 3512 1076 3581 πτερυγίζων
1094 3516 1137 3562 aul
1158 3507 1267 3571 λυδίζων
1285 3516 1328 3561 καὶ

157 3601 274 3672 privabam
292 3606 336 3654 11α1
349 3603 512 3669 βαπτόμενος
524 3603 693 3672 βατραχείοις.
731 3607 803 3670 Quae
815 3609 922 3655 adnotat
935 3607 1076 3655 scholiasta
1089 3603 1328 3654 autosebediastiea.

157 3695 229 3744 Certe
248 3702 332 3744 autern
355 3691 519 3759 πτερυγίζων,
551 3691 673 3758 ψηνίζων,
703 3693 866 3759 βαπτόμενος
888 3691 1051 3760 βατραχείοις
1073 3695 1106 3743 ad
1129 3695 1197 3743 chori
1216 3693 1329 3742 habitum

156 3789 286 3847 spectant;
306 3784 337 3832 cl.
352 3785 478 3845 Zielinski,
499 3786 654 3848 Gliederung
672 3801 696 3848 p.
712 3787 770 3844 241,
791 3786 833 3849 qui
853 3781 1014 3848 βαττὶιμενος
1026 3783 1189 3849 βατραχείοις
1207 3783 1240 3832 ad
1253 3783 1329 3831 musi-

157 3888 213 3923 cam
232 3879 310 3924 artem
328 3888 379 3922 non
400 3875 477 3924 audet
489 3875 587 3924 referre.
626 3877 662 3924 Ac
676 3875 717 3924 vix
735 3881 801 3924 recte
814 3875 915 3924 verterit
930 3874 1126 3936 „Vogelgesang
1139 3873 1192 3922 und
1205 3872 1329 3935 Wespen·

157 3965 297 4013 summen“.

229 4045 249 4115 ²)
269 4053 388 4104 Dieisium
418 4059 532 4102 nostrum
562 4055 586 4103 in
615 4055 721 4116 collegio
750 4054 941 4116 comparavisse
965 4054 1068 4102 chorum
1092 4050 1330 4114 theriomorphicum

157 4143 304 4192 comoediae
322 4144 420 4192 Atticae
440 4157 496 4191 cum
516 4143 633 4206 personis
652 4157 667 4190 a
686 4142 867 4192 Mannhardtio
886 4143 902 4191 l.
922 4158 943 4191 c.
963 4142 1097 4206 descriptis
1115 4155 1145 4190 ex
1159 4140 1247 4189 amicis
1260 4139 1330 4188 audi·

158 4246 250 4280 veram.
289 4233 345 4293 Qua
365 4247 390 4280 re
410 4233 431 4281 ei
451 4233 547 4294 gratias
567 4247 625 4294 ago,
646 4235 714 4295 quod
734 4233 913 4281 deliberantem
933 4246 972 4280 me
991 4233 1098 4279 maxime
1118 4231 1223 4280 adiuvit.
