3270 4684
334 680 494 736 ‘Britannici
530 681 568 736 ad
603 699 693 736 annos
731 699 904 756 500—450
936 701 962 738 a.
989 683 1058 739 Chr.
1095 682 1275 739 referendam
1311 701 1379 740 esse
1409 691 1522 737 censet.

339 786 521 862 Quamquam
551 807 622 845 vero
653 789 800 844 vasculum
829 807 899 844 mus.
926 791 1021 847 Berol.
1047 809 1093 846 no.
1117 789 1209 864 1830,
1240 791 1319 846 cuius
1342 791 1461 866 pictura
1487 787 1523 842 si-

339 893 454 950 millima
482 911 526 952 est
554 897 684 972 picturae
716 897 824 952 vasculi
853 897 1053 966 Londinensis,
1090 909 1212 973 propter
1240 896 1328 973 pallia
1352 893 1523 971 elegantius

339 1000 482 1058 delineata
505 1003 614 1079 optimo
639 1004 699 1059 iure
722 1023 740 1058 a
766 1004 1004 1078 Furtwaenglero
1028 1004 1164 1060 insertum
1187 1017 1232 1060 est
1248 1021 1385 1060 vasorum
1403 1000 1520 1076 generi,

329 1108 414 1180 *quod
439 1109 602 1166 inscribitur
629 1109 788 1186 »Spaterer
810 1109 1082 1185 schwarzfrguriger
1105 1108 1201 1184 Styl«,
1232 1125 1336 1178 tamen,
1367 1127 1404 1165 ne
1435 1107 1522 1162 nimis

332 1215 445 1270 recenti
469 1217 557 1272 aetati
581 1232 731 1291 utrumque
754 1217 920 1286 tribuamus»,
949 1216 1032 1273 nobis
1056 1219 1109 1274 erit
1134 1218 1303 1274 cavendum.
1351 1218 1426 1272 Nam
1453 1231 1522 1268 vas-

338 1322 392 1377 culi
416 1341 462 1379 n0.
486 1325 566 1398 1830
592 1345 662 1380 mus.
685 1324 779 1380 Berol.
806 1324 896 1380 forma
921 1340 950 1381 et
972 1325 1077 1402 pedum
1102 1325 1264 1395 delineatio,
1291 1326 1364 1380 ratio
1388 1322 1520 1394 denique

338 1428 473 1504 pingendi
497 1432 596 1488 oculos
621 1432 647 1487 in
672 1432 789 1488 vasculo
806 1432 982 1489 Londinensi
1005 1431 1134 1488 adhibita
1156 1431 1193 1487 ad
1209 1433 1280 1488 satis
1295 1431 1413 1504 antiqua
1431 1445 1519 1505 spec·

338 1547 399 1592 tant
422 1549 563 1614 tempora.
612 1539 750 1595 Archaea
774 1559 845 1596 vero
869 1541 980 1595 ratione
1004 1539 1165 1596 recentiore
1186 1551 1282 1595 aetate
1298 1537 1446 1614 perlectas
1464 1553 1518 1591 eas

333 1641 464 1717 picturas
488 1663 544 1700 non
568 1645 771 1722 suspicabitur,
796 1647 956 1720 quicunque
980 1647 1139 1722 respexerit
1165 1645 1306 1722 pictorum
1323 1645 1433 1700 illorum
1452 1643 1517 1698 sine

336 1748 425 1805 dubio
449 1737 618 1823 interfuisse,
648 1767 778 1827 utquam
795 1754 925 1829 proxime
941 1753 978 1809 ad
995 1765 1125 1809 naturam
1142 1753 1184 1808 rei
1200 1766 1266 1808 ante
1282 1751 1381 1808 oculos
1397 1750 1517 1826 positae

337 1857 363 1910 in
387 1857 533 1932 pingendo
562 1879 595 1916 se
625 1861 815 1937 applicarent.
863 1860 949 1930 Quod
973 1861 997 1916 si
1021 1860 1148 1916 arehaea
1172 1859 1309 1936 pingendi
1332 1859 1445 1914 ratione
1471 1857 1515 1911 usi

329 1977 440 2034 essent,
478 1966 532 2042 ipsi
566 1965 620 2022 sibi
656 1987 781 2024 summas
816 1967 997 2024 difficultates
1025 1979 1187 2043 parassent.
1235 1965 1389 2022 Vaseulum
1413 1975 1513 2019 autem

336 2089 406 2125 mus.
430 2073 524 2128 Berol.
549 2093 596 2129 nn.
619 2073 711 2149 1697,
737 2076 815 2131 euius
839 2076 950 2151 pictura
968 2074 1163 2147 antiquissima
1180 2075 1291 2129 ratione
1307 2085 1351 2128 est
1367 2071 1512 2147 perlecta,

335 2197 351 2231 a
377 2179 615 2255 Furtwaenglero
652 2182 677 2236 in
713 2201 812 2238 eorum
847 2200 964 2237 numero
993 2195 1037 2237 est
1065 2180 1246 2249 collocatum,
1283 2177 1386 2252 quibus
1410 2195 1513 2253 super-

329 2284 470 2360 scriptum
505 2300 550 2342 est
577 2274 710 2344 »iliterer
745 2288 1016 2363 sehwarzfrguriger
1045 2285 1118 2360 Styl,
1149 2285 1178 2342 6.
1200 2285 1427 2360 Jahrbundertr.
1478 2281 1511 2338 Si

334 2391 411 2446 circa
436 2411 528 2448 annos
553 2395 726 2466 520-480
752 2415 778 2450 a.
797 2395 866 2450 Chr.
891 2396 944 2450 tria
971 2395 1015 2449 illa
1041 2413 1112 2450 vasa
1128 2409 1230 2449 exorta
1246 2411 1311 2448 esse
1328 2393 1403 2468 dico,
1430 2391 1510 2447 haud

334 2499 372 2553 ita
396 2517 507 2574 paucos
530 2501 744 2576 arebaeologos
767 2503 957 2557 assentientes
981 2519 1068 2576 spero
1094 2520 1138 2556 me
1162 2499 1324 2555 habiturum
1349 2519 1422 2555 esse.

423 2607 581 2681 Quousque
609 2627 644 2663 ea
673 2621 769 2664 aetate
797 2608 976 2663 comoediam
1001 2625 1188 2683 progressam
1214 2607 1299 2662 luisse
1324 2619 1507 2661 monumenta

333 2714 489 2768 testantur?
529 2715 651 2770 Primum
675 2715 789 2788 quidem
813 2734 922 2791 ponere
947 2713 1053 2782 licebit,
1078 2715 1218 2789 pictorem
1241 2713 1315 2768 illum
1333 2727 1420 2769 totum
1438 2712 1508 2767 cbo-

333 2839 394 2875 rum
418 2835 485 2876 ante
509 2823 608 2877 oculos
634 2821 779 2890 habuisse,
805 2841 840 2877 ex
864 2841 921 2895 quo
945 2821 1057 2894 aliquos
1073 2821 1228 2877 choreutas
1245 2820 1353 2876 electos
1370 2837 1424 2874 una
1441 2837 1506 2873 cum

333 2925 449 2984 tibicine
484 2930 510 2983 in
540 2930 658 2985 vasculo
687 2929 825 3005 depinxit.
877 2929 962 2998 Quod
987 2929 1010 2984 si
1036 2930 1072 2982 ita
1097 2941 1150 2994 est,
1180 2927 1312 3000 equidem
1344 2944 1506 2981 monumen-

332 3045 424 3089 torum
453 3052 520 3090 usus
544 3037 720 3104 testimoniis,
750 3038 828 3092 circa
852 3055 955 3092 annum
983 3054 1044 3109 500
1069 3055 1095 3091 a.
1120 3035 1190 3091 Chr.
1216 3034 1345 3090 actiones
1370 3032 1504 3088 choricas

332 3140 488 3214 Dionysias
499 3141 519 3220 ¹)
543 3143 570 3198 in
588 3143 684 3199 Attica
709 3143 794 3199 luisse
818 3145 938 3199 usitatas
962 3142 1105 3198 contendo
1129 3154 1209 3197 tanto
1234 3141 1288 3197 iam
1312 3151 1455 3216 apparatu
1476 3151 1505 3194 et

332 3266 520 3323 personarum
555 3263 584 3306 et
613 3251 731 3306 vestitus
766 3251 968 3306 choreutarum
998 3251 1235 3323 musicorumque,
1272 3263 1302 3304 ut
1325 3267 1382 3304 non
1405 3258 1505 3322 posset

330 3354 402 3420 sieri,
428 3359 494 3429 quin
518 3355 661 3432 publicum
686 3357 807 3413 studium
833 3368 989 3412 moverent.
1027 3357 1111 3424 Quae
1135 3347 1274 3424 actiones,
1299 3357 1322 3411 si
1347 3355 1390 3410 vis
1413 3357 1503 3422 κῶμοι,

332 3475 439 3518 tantam
464 3464 671 3520 similitudinem
697 3483 759 3520 cum
784 3465 934 3520 comoedia
961 3463 1175 3539 Aristophanes
1199 3462 1337 3519 exhibent
1360 3474 1390 3516 ut
1413 3480 1448 3518 ex
1472 3461 1504 3515 iis

328 3569 500 3626 comoediae
525 3570 640 3627 Atticae
664 3572 833 3627 elementum
858 3571 1005 3626 eboricum
1030 3571 1121 3647 prima
1146 3570 1206 3626 sine
1223 3569 1311 3625 dubio
1327 3569 1503 3625 incrementa

275 3671 276 3674 ¹
329 3677 451 3752 ceperit.
497 3679 648 3734 Enatura
675 3693 719 3735 est
742 3697 837 3734 rerum
861 3678 923 3733 aliis
947 3677 1117 3752 quibusdam
1141 3675 1357 3751 quaestionibus
1374 3695 1390 3732 e
1407 3693 1502 3730 monu-

332 3783 433 3839 mentis
467 3786 573 3840 nostris
608 3785 676 3841 nihil
711 3785 881 3861 responderi
909 3803 1006 3861 posse,
1043 3785 1110 3839 nihil
1140 3784 1176 3839 de
1199 3800 1308 3859 genere
1331 3782 1500 3850 saltationis

331 3890 399 3946 nihil
423 3904 557 3965 quantum
583 3893 720 3969 temporis
737 3893 985 3949 commessantium
1003 3893 1080 3948 actio
1096 3892 1265 3967 expleverit.
1300 3893 1345 3947 sd
1361 3907 1501 3966 personas

403 4135 422 4203 ¹)
441 4142 514 4190 Recte
538 4142 565 4190 C.
587 4141 674 4200 Smitb,
703 4143 718 4192 l.
739 4157 760 4189 c.
784 4157 808 4205 p.
828 4143 887 4198 aul,
916 4143 1071 4190 ornamentis
1099 4141 1244 4189 bedersceis
1273 4141 1323 4188 vim
1353 4139 1500 4204 Dionysiam

326 4229 414 4279 inesse
434 4231 502 4280 dicit.
