3270 4684
697 461 910 520 -45-

209 626 275 683 ferri
291 627 412 694 soleant,
438 625 571 701 exemplo
587 624 742 680 illustratur
759 623 931 680 Pulcinellae
947 622 1131 700 Neapolitani
1146 622 1195 696 (cl.
1212 621 1383 691 Riecoboni,

210 733 336 790 Histoire
372 733 408 788 du
432 731 545 788 theatre
570 731 675 799 italien,
707 745 775 786 tom.
794 731 815 800 l,
840 751 868 806 p.
889 728 956 808 56)3
992 743 1080 804 atque
1109 727 1236 785 Siciliam
1260 729 1383 805 patriam

209 840 351 896 ludionum
391 839 634 916 peregrinantium
673 837 758 894 luisse
794 838 820 892 in
856 838 1059 914 Xenophontis
1087 839 1229 895 Convivio
1264 837 1384 912 legimus

209 946 247 1019 (c.
273 947 346 1022 la);
383 947 476 1002 adiice
512 944 633 1020 denique
669 945 745 1018 quod
769 943 993 1001 Lacedaemone
1028 945 1122 1001 ludum
1147 944 1381 1019 antiquissimum,

209 1054 257 1127 qui
280 1053 439 1110 exhibebat
463 1051 534 1107 duas
558 1069 699 1127 personas
722 1051 846 1127 typicas,
859 1050 879 1126 ¹)
904 1052 1008 1107 cultum
1033 1069 1107 1122 esse,
1140 1052 1228 1107 tradit
1251 1049 1384 1106 Sosibius

210 1160 287 1236 apud
316 1159 497 1216 Athenaeum
533 1157 614 1236 (XIV
639 1158 697 1213 621
728 1156 841 1234 d—e.).
890 1157 1002 1227 Quibus
1037 1158 1074 1214 de
1109 1159 1203 1215 causis
1239 1157 1382 1223 Zielinski,

210 1286 273 1324 cum
308 1267 345 1322 ad
370 1265 546 1342 episodicam
576 1265 744 1321 comoediae
770 1264 884 1321 Atticae
912 1280 1023 1340 partem
1048 1265 1230 1322 Doriensium
1259 1264 1383 1320 valuisse

211 1373 390 1430 comoediam
415 1373 580 1442 coniicerct,
613 1371 649 1428 ad
674 1387 783 1428 rectam
807 1371 882 1428 triam
908 1372 1026 1446 digitum
1050 1372 1170 1428 intendit
1192 1371 1383 1448 (Gliederung

210 1501 238 1556 p.
259 1483 344 1553 244).
391 1481 454 1535 Non
490 1498 561 1534 vero
596 1479 632 1534 de
663 1479 770 1535 Dorica
799 1478 949 1535 comoedia
978 1479 1125 1554 episodice
1149 1478 1278 1555 perlecta
1303 1492 1332 1535 et
1356 1479 1382 1534 in

211 1586 336 1642 Atticam
361 1587 499 1641 translata
523 1583 607 1641 nohis
631 1598 676 1641 est
699 1585 894 1660 cogitandum,
919 1585 971 1640 sed
995 1585 1022 1640 in
1047 1586 1137 1642 altera
1162 1599 1245 1661 parte
1270 1605 1383 1642 comoe-

210 1691 320 1747 diarum
348 1691 526 1766 quarundam
556 1691 761 1767 Aristophanis
789 1691 908 1747 chorum
935 1693 1069 1762 Atticum,
1106 1711 1190 1768 quem
1215 1693 1270 1748 iam
1296 1692 1382 1748 multo

209 1812 276 1854 ante
304 1817 407 1854 anuum
439 1815 500 1871 500
522 1817 548 1852 a.
571 1798 641 1854 Chr.
670 1797 790 1873 picturis
817 1796 937 1854 testibus
964 1799 1123 1874 perlectum
1151 1799 1282 1868 vidimus,
1319 1817 1381 1854 cum

210 1923 297 1960 scena
322 1904 440 1959 ioculari
463 1905 572 1960 Dorica
597 1905 777 1961 coniunctum
803 1906 969 1960 invenimus

283 2095 302 2158 ¹)
322 2097 389 2147 Cecil
402 2097 480 2147 Smitlt
495 2097 521 2160 (1.
536 2113 556 2147 c.
572 2113 595 2160 p.
607 2099 681 2159 ³14):
702 2099 857 2163 „Curiously
870 2101 982 2161 enough,
1002 2099 1091 2162 inquit,
1105 2102 1146 2148 tlte
1162 2101 1380 2149 Lacedaemonian

209 2188 275 2236 mimi
305 2188 391 2236 would
416 2202 484 2237 seem
508 2192 535 2236 to
559 2189 624 2236 have
643 2189 694 2236 had
713 2191 756 2236 the
775 2203 847 2238 same
867 2193 919 2237 two
939 2189 1063 2238 savourite
1083 2191 1227 2237 characters
1246 2189 1311 2237 with
1332 2189 1381 2238 still

210 2275 305 2338 delight
324 2276 467 2326 Cbnstrnas
486 2277 624 2326 audiences
644 2278 685 2326 the
705 2276 868 2326 fruit·stealer
880 2279 931 2326 and
945 2280 987 2327 tlte
1001 2279 1087 2340 quael<
1101 2279 1207 2326 doct0r“
1227 2277 1428 2364 Q

211 2365 311 2429 111111.-
329 2364 613 2432 Ζβᾼᾶῖὸγφᾼῖὃ).
659 2366 745 2414 Punch
774 2367 815 2430 qui
844 2366 935 2416 dicitur
963 2367 1163 2428 Britannicorum
1191 2356 1257 2416 cum*
1271 2365 1380 2416 Franco·

181 2454 332 2516 vgattormn
361 2469 472 2518 persona
491 2454 652 2504 Polichinelle
671 2459 695 2504 et
713 2455 849 2504 Pulcinella
877 2455 995 2504 Italorum
1024 2457 1158 2506 cohaerere
1176 2463 1287 2518 putatur,
1316 2471 1382 2519 quae

210 2543 242 2590 ad
271 2545 412 2593 Atellanam
441 2544 610 2593 Romanorum
639 2545 743 2593 retertur
771 2544 871 2604 (hlunk,
901 2545 937 2593 De
960 2543 1056 2595 fabulis
1078 2545 1201 2594 Atellanis
1225 2561 1250 2608 p.
1266 2535 1381 2608 285qd.)

209 2631 431 2682 Aewitamowitz
451 2633 520 2694 (Eur.
535 2633 633 2682 Heracl.
654 2633 661 2682 l
682 2649 706 2696 p.
720 2631 765 2697 5³)
786 2635 845 2683 illud
866 2639 943 2683 vocat
962 2634 987 2684 in
1007 2636 1184 2698 quaestionem
1197 2649 1282 2684 nonne
1294 2635 1381 2698 potius

209 2722 349 2770 commedia
377 2737 443 2785 quae
472 2722 563 2771 dicitur
589 2723 647 2772 dell'
675 2729 728 2772 arte
757 2725 789 2771 ab
813 2723 882 2772 ltalis
902 2725 937 2771 ad
958 2724 1094 2773 Dorienses
1114 2724 1222 2773 Siciliam
1241 2723 1381 2772 incolentes

209 2808 343 2860 transierit.
381 2811 482 2860 Licetne
501 2825 644 2860 connexum
664 2813 789 2875 suspicari
808 2813 872 2862 inter
891 2813 966 2862 ludos
981 2812 1237 2862 Lacedaemoniorum
1251 2829 1267 2860 a
1279 2813 1381 2862 Sosibio

210 2897 354 2961 descriptos
374 2905 398 2948 et
416 2900 581 2950 recentiorum
600 2902 752 2966 populorum
771 2915 897 2965 personas
916 2904 949 2950 ab
968 2904 1084 2951 Atellana
1103 2903 1272 2965 repetendas?
1304 2901 1379 2964 Quod

210 2987 231 3036 si
260 2987 294 3036 ita
318 2995 364 3046 est,
393 2989 425 3037 ad
450 2989 516 3038 illam
535 2989 726 3039 Wilamnwitzti
750 2991 926 3054 quaestionem
946 3003 984 3040 est
1003 2992 1209 3054 respondendum
1229 2992 1304 3040 etiam
1325 3005 1380 3038 eam

210 3081 288 3124 artem
308 3091 324 3124 a
343 3077 447 3126 Graecis'
476 3079 509 3126 ad
533 3078 609 3127 Italos
639 3079 780 3128 transiisse.
818 3082 856 3128 An
877 3081 963 3142 potius
982 3087 1087 3144 uterque
1106 3081 1218 3144 populus
1237 3097 1311 3130 suum
1332 3081 1381 3129 sibi

171 3173 174 3182 ’
211 3163 296 3212 ludum
316 3165 440 3214 excoluit?
461 3164 502 3228 (cl.
524 3167 675 3226 Mommsen,
696 3169 764 3216 anm.
786 3169 878 3218 Gesch.
898 3170 924 3225 ll,
943 3185 967 3232 p.
989 3171 1060 3230 4³8.)
