3270 4684
650 529 844 584 -9,

246 689 374 744 Alterum
396 689 504 744 vasculi
529 689 602 744 latus
625 689 816 764 nympharum
834 701 862 743 et
878 701 1041 762 satyrorum
1058 688 1176 745 exhibet
1191 689 1331 757 ordinem,

147 797 202 869 qui
226 795 264 850 ad
288 794 411 851 tibicinis
434 796 526 868 satyri
551 808 666 851 cantum
690 795 820 851 saltaturi
844 807 918 850 sunt.
950 795 1038 866 (Berl.
1064 795 1209 856 Akadem.
1240 794 1331 868 1851,

149 901 232 958 Tab.
259 904 278 972 Ι,
307 904 348 978 5.)
648 951 662 990 ι

244 1009 316 1064 Mire
345 1010 381 1065 de
409 1029 444 1065 ea
473 1009 585 1084 pictura
609 1008 743 1065 Panolka
768 1003 928 1086 (abhandl.
954 1008 1006 1065 der
1031 1009 1106 1064 Berl.
1130 1007 1226 1064 Akad.
1250 1007 1325 1082 1851

149 1137 182 1190 p,
208 1133 222 1170 2
230 1135 245 1190 3
272 1118 349 1191 sqq.)
384 1116 571 1172 ratiocinatus
606 1129 659 1187 est,
695 1117 837 1192 pictorem
867 1128 934 1173 ante
964 1115 1064 1171 oculos
1093 1116 1225 1190 posuisse
1258 1115 1331 1172 aden

149 1222 245 1278 durch
269 1223 489 1298 eigentlimliche
510 1223 663 1298 Kriegslist
686 1242 867 1298 errungenen
883 1221 954 1298 Sieg
975 1222 1028 1279 der
1043 1223 1234 1279 Krotoniaten
1257 1221 1331 1278 fiber

151 1329 200 1384 die
236 1329 411 1404 Sybaritenr
451 1326 571 1410 (Athen.
607 1331 661 1386 XII
699 1325 819 1411 520d.).
877 1330 1014 1387 Gerhard
1049 1323 1123 1408 (Neu
1158 1328 1330 1386 erworbene

152 1437 331 1494 Denkmaler
354 1438 406 1493 der
430 1438 497 1513 Kgl.
522 1436 782 1513 Vasensammlung
805 1457 838 1493 zu
863 1438 957 1494 Berlin
981 1438 1031 1493 Nr.
1055 1436 1149 1512 1928)
1173 1435 1330 1512 significari

153 1545 267 1619 putavit
304 1545 386 1602 »eine
421 1543 550 1600 obschne
574 1545 741 1602 Mummerei
773 1545 868 1601 dreier
891 1545 1067 1614 Kentaurem
1104 1544 1216 1601 welche
1240 1542 1331 1600 durch

154 1650 217 1706 tlrei
252 1651 459 1726 geharnischte
489 1652 546 1706 und
576 1651 797 1708 schmuckreich
826 1652 972 1726 gehelmte
996 1651 1149 1726 Jr'mglinge
1172 1651 1222 1706 mit
1245 1649 1331 1706 eben-

153 1758 247 1813 soviel
282 1757 446 1833 gebhckten
482 1758 539 1812 und
571 1759 657 1814 ihnen
687 1759 731 1814 als
755 1757 904 1834 Reitplerd
934 1757 1093 1815 dienenden
1119 1759 1257 1814 Mannern
1281 1775 1331 1832 ge-

154 1863 244 1919 bildet
280 1865 344 1924 ist«
414 1865 634 1940 Fortunengler
669 1867 695 1920 in
731 1865 868 1941 catalogo
902 1865 1096 1941 explicatione
1131 1865 1267 1921 abstinuit
1302 1877 1330 1920 et

153 1970 265 2026 addidit
293 1973 596 2027 »Mammenschanz«.
645 1973 766 2028 Carolus
792 1971 946 2041 Robertu8‚
972 1991 1037 2028 esse
1061 1972 1179 2027 chorum
1205 1971 1329 2045 equitum

152 2091 181 2132 et
210 2077 246 2133 ad
276 2079 433 2154 primordia
462 2080 631 2136 comoediae
660 2081 805 2155 pertinere
832 2079 941 2154 figuras
969 2099 1015 2135 me
1039 2078 1144 2135 docuit.
1173 2113 1210 2120 -
1237 2079 1329 2134 Prius·

151 2202 238 2257 quarn
263 2203 338 2258 quae
362 2187 398 2242 de
422 2187 617 2260 antiquissima
643 2187 794 2243 comoedia
819 2187 925 2242 doceat
944 2186 1056 2261 pictura
1085 2203 1242 2262 exponam,
1274 2185 1329 2240 hac

153 2309 268 2365 quoque
295 2292 450 2349 secundum
481 2295 621 2350 rationem
646 2292 834 2350 Smithianam
859 2294 897 2349 ad
921 2293 1104 2349 illustrandas
1128 2311 1175 2350 res
1197 2293 1329 2348 scenicas

157 2398 387 2474 Aristophaneas
415 2402 454 2456 uti
483 2420 499 2456 e
523 2419 554 2456 re
579 2402 642 2461 erit.
690 2400 804 2456 Causae
831 2401 905 2456 enim
930 2400 998 2456 mihi
1021 2411 1139 2476 praesto
1163 2414 1228 2455 sunt
1252 2399 1328 2454 haud

156 2505 191 2560 ita
229 2507 316 2576 leves,
354 2525 390 2562 ex
425 2506 528 2580 quibus
555 2508 640 2563 etiam
670 2506 847 2583 temporibus
875 2507 1081 2583 Aristophanis
1116 2507 1142 2562 in
1178 2506 1329 2580 Equitibus

153 2612 272 2667 chorum
304 2613 428 2686 equitum
457 2613 540 2670 simili
568 2613 668 2670 habitu
692 2616 718 2670 in
743 2633 859 2672 scenam
884 2616 1026 2692 prodiisse
1050 2615 1111 2671 veri
1135 2633 1191 2670 non
1216 2613 1329 2670 videtur

155 2718 296 2780 dissimile.
345 2720 444 2775 Oculis
472 2720 649 2777 collustranti
679 2721 747 2777 mihi
777 2723 917 2797 picturam
947 2723 974 2777 in
1002 2735 1125 2778 mentem
1151 2722 1227 2777 venit
1250 2733 1328 2776 ante·

154 2825 336 2899 pirrhematis
373 2827 526 2902 parabasis
556 2828 687 2883 liauitum
718 2848 744 2889 v.
778 2827 961 2902 595—610,
998 2828 1074 2902 quod
1105 2828 1150 2883 hic
1175 2827 1326 2884 adscribo:

361 2931 392 2986 ’Ἀ
409 2935 530 3003 ξύνισμεν
548 2943 631 2988 roioav
649 2936 746 2996 introit,
768 2937 920 3006 ¹lor-lipsind
938 2936 1078 2988 ἐπαινέσαι.

365 3041 432 3104 ἄξιοι
453 3040 519 3098 δἐἰῖ
539 3043 716 3112 εὐλογεῖσθαι·
737 3042 822 3096 πολλὰ
840 3046 890 3112 γὰρ
909 3043 941 3108 δὴ
959 3045 1103 3112 πράγματα

365 3149 549 3217 ξυνδιήνεγκαν
567 3152 630 3218 μεθ’
651 3152 732 3217 ἡμῶν,
752 3149 871 3219 εἰσβολάς
890 3172 915 3203 τε
934 3157 977 3203 καὶ
996 3153 1089 3218 μάχας.

365 3254 432 3307 ἀλλὰ
449 3255 498 3308 τάν
516 3259 548 3328 τῇ
566 3259 598 3330 γῇ
617 3257 666 3324 μὲν
685 3257 769 3310 αὐτῶν
788 3257 833 3309 οὐκ
852 3257 920 3326 ἄγαν
938 3259 1120 3326 θαυμάζομεν,

365 3364 398 3418 alc
417 3359 454 3415 iir'
472 3360 508 3418 tic
526 3365 572 3419 τὰς
591 3361 756 3433 ἱππαγωγοὺς
774 3359 917 3428 εἰσεπήδων
936 3363 1067 3432 ἀνδρικῶς,

364 3473 501 3538 πριάμενοι
522 3473 657 3528 κώθωνας,
678 3467 703 3522 οἱ
722 3469 749 3523 δέ
768 3477 811 3522 καὶ
832 3471 944 3539 σκόροδα
964 3477 1006 3523 καὶ
1027 3475 1155 3540 κρέμμυα.

364 3575 419 3628 εἶτα
438 3578 483 3632 τὰς
502 3580 591 3632 κώπας
609 3577 732 3646 daphnes
751 3573 836 3648 ὥσπερ
855 3581 927 3646 ἡμεῖς
946 3575 971 3630 οἱ
989 3585 1076 3648 βροτοὶ

364 3682 521 3752 ἐμβαλόντες
540 3684 711 3754 ἀνέβρὺαξαν.
732 3683 895 3741 ἐπααπαπαῗ,
917 3687 954 3741 rr'e
974 3685 1093 3754 ἐμβαλεῖς

364 3789 474 3855 ληπτέον
491 3791 605 3859 μᾶλλον·
626 3796 653 3842 rr'
670 3791 778 3860 δρῶμεν,
799 3791 845 3844 oriar
864 3791 930 3859 ἐλᾷς,
951 3789 971 3844 al
991 3795 1128 3862 σαμφόρας
1217 3863 1218 3868 1

364 3895 493 3962 ἐξεπήδων
512 3897 561 3953 δ’ἐς
582 3900 728 3967 Κόρινθον·
748 3897 805 3951 alra
825 3897 875 3951 δὀἱ
893 3900 1014 3952 νεώτατοι

366 4007 420 4060 ταῖς
439 4003 531 4059 ὁπλαῖς
549 4003 661 4072 ὤρυττον
680 4005 754 4062 εὐνὰς
772 4012 816 4058 καὶ
834 4010 950 4078 μετῇσαν
969 4009 1116 4076 στρώματα.

363 4109 460 4178 ἢσθιον
479 4109 506 4164 δὲ
525 4114 582 4168 τοὶ-ς
601 4114 745 4181 παγοένρους
764 4113 821 4165 ἀντὶ
840 4117 917 4169 ποίας
936 4111 1062 4180 Μηδικῆς,

363 4222 384 4270 si
406 4240 441 4274 τις
460 4219 561 4286 ἐξέρποι
579 4220 686 4287 θύραζε,
707 4221 756 4273 κάκ
775 4223 860 4289 βυθοῦ
880 4223 1040 4289 θηρώμεναι·
