3270 4684
743 489 781 545 29
832 505 868 511 -

163 651 377 725 gratissimum,
403 663 527 726 spectes,
553 664 700 705 auctorem
725 647 810 717 illum,
836 649 914 705 cuius
938 667 974 704 ex
998 647 1077 704 libris
1103 649 1271 722 Anonymus
1296 649 1344 703 vel

162 757 237 814 nlius
265 758 437 835 compilator
465 777 499 812 ea
525 755 616 812 rerba
640 757 730 832 petiit,
760 769 789 810 et
812 755 922 810 Cratini
945 769 974 812 et
999 755 1203 832 Aristophanis
1228 773 1342 812 cornoc-

162 866 228 921 ‹lias
264 863 393 920 manibus
428 865 552 920 tenuisse
586 877 615 918 et
650 862 828 938 perlegendo
863 881 914 918 eas
945 863 1019 918 inter
1047 881 1078 918 se
1108 863 1344 938 comparavisse3·

162 972 334 1046 antiquioris
358 970 527 1028 comoediae
552 969 671 1026 formam
697 970 861 1024 coniectura
886 981 994 1024 tantum
1019 969 1134 1044 assequi
1159 983 1288 1024 conatur.

255 1077 332 1147 Quid
355 1077 433 1133 valet
457 1075 576 1132 verbum
601 1075 713 1139 ἀταξίαῖ
729 1077 833 1131 Miram
857 1075 922 1130 huic
946 1076 1011 1132 voci
1036 1076 1205 1131 sententiam
1229 1075 1342 1132 subiicit

163 1185 294 1250 Richter.
319 1183 530 1258 prolegomena
554 1182 591 1238 ad
617 1182 767 1258 Aristoph.
793 1180 882 1258 Vesp.
908 1203 936 1258 p.
957 1199 1014 1256 35:
1055 1179 1187 1238 »Similes
1211 1197 1340 1239 actorum

162 1309 264 1360 voces,
289 1290 394 1347 similes
410 1290 666 1366 pronuntiationes
692 1289 855 1363 similesque
872 1307 1025 1364 personae,
1048 1287 1219 1363 habitusque
1236 1290 1341 1346 similes

165 1431 205 1439 --
232 1399 285 1454 etsi
309 1397 407 1453 Pollux
432 1399 459 1452 in
483 1396 683 1452 enumerandis
707 1395 808 1451 multus
832 1408 876 1452 est
904 1429 940 1436 -
967 1396 1041 1452 haec
1064 1397 1189 1452 omnium
1214 1397 1287 1452 inter
1309 1415 1341 1452 se

161 1507 287 1582 partium
316 1505 469 1560 similitudo
497 1503 603 1572 effecit,
639 1503 755 1578 quando
779 1515 909 1560 actorum
933 1504 1034 1560 nimius
1057 1523 1191 1560 numerus
1215 1503 1338 1572 accedit,

162 1612 276 1676 ἀταξίαν
305 1625 333 1666 ut
363 1609 474 1667 habeas
502 1611 577 1666 illam
607 1631 623 1666 a
648 1611 839 1684 grammatico
863 1611 978 1666 dictam.
1026 1611 1089 1667 Has
1112 1611 1197 1685 igitur
1220 1623 1346 1686 propter

162 1739 269 1775 causas
293 1715 447 1794 probabile
471 1733 514 1774 est
538 1731 647 1773 certum
671 1731 801 1772 actorum
826 1735 971 1773 numerum
989 1737 1006 1773 a
1023 1717 1141 1772 Cratino
1159 1719 1340 1773 constitutum

161 1843 240 1894 esse,
276 1825 385 1881 scilicet
414 1825 560 1901 provisum
585 1823 623 1879 ab
647 1841 684 1879 eo
708 1842 781 1893 esse,
818 1842 854 1879 ne
878 1823 969 1878 tribus
992 1823 1089 1900 plures
1112 1843 1167 1879 una
1192 1823 1341 1900 prodirent

161 1946 193 1988 et
229 1933 442 2007 loquerentur.e
504 1931 648 1999 Quantum
677 1950 694 1986 a
723 1947 795 1986 vero
823 1931 1005 1986 aberraverit
1030 1930 1149 1987 Richter
1178 1949 1214 1986 ex
1242 1929 1341 1986 verbis

160 2037 350 2113 sequentibus
374 2037 565 2112 colligendum
590 2050 647 2092 est:
678 2037 735 2090 ἀλλ’
749 2038 786 2091 ἔτι
798 2039 842 2106 μὲν
860 2045 903 2091 καὶ
921 2034 1051 2104 oleastris
1063 2037 1230 2108 ἀρχαιότητος
1242 2039 1340 2106 μετεῖχε

160 2150 208 2197 καὶ
233 2147 316 2215 ἡρέμα
340 2165 395 2202 πως
415 2147 458 2210 τῆς
476 2144 593 2207 α’ταξίατ,
619 2145 645 2199 in
670 2143 773 2218 quibus
797 2144 909 2200 minime
933 2163 969 2200 ea
993 2145 1066 2200 inest
1090 2145 1142 2212 vis,
1167 2144 1248 2218 quasi
1273 2163 1341 2200 non·

160 2269 308 2326 nunquam
333 2251 466 2308 Cratinus
490 2249 580 2306 tribus
604 2249 700 2326 plures
724 2267 779 2305 una
804 2251 979 2326 prodeuntes
1004 2264 1033 2308 et
1056 2251 1205 2324 loquentes
1230 2250 1339 2307 lecerit.

162 2357 212 2412 An
237 2359 299 2433 quis
323 2359 418 2434 putet?
457 2355 566 2413 Similia
590 2357 724 2412 Meineke
748 2358 880 2433 exposuit
907 2357 994 2430 (Hist.
1020 2358 1082 2413 crit.
1107 2379 1136 2434 p.
1157 2361 1218 2431 50).
1267 2359 1341 2414 Beer

160 2464 232 2537 (Die
257 2465 326 2520 Zahl
352 2465 404 2521 der
427 2461 633 2540 Schauspieler
656 2463 702 2520 bei
729 2463 940 2540 Aristophanes
964 2485 993 2542 p.
1018 2467 1080 2540 19):
1115 2463 1340 2520 nWahrschein·

160 2572 255 2640 lieu«,
291 2572 389 2646 inquit,
423 2571 536 2646 »bezog
563 2571 625 2626 sich
656 2571 701 2626 die
726 2570 887 2645 Massregcl
911 2571 963 2628 des
987 2572 1124 2627 Kratinos
1147 2590 1200 2626 nur
1222 2570 1274 2626 aus
1294 2571 1342 2627 die

160 2677 460 2754 Parachoregemata,
498 2677 586 2734 deren
611 2676 769 2734 Gebrauch
806 2695 862 2732 von
892 2679 1034 2734 manchen
1063 2677 1222 2734 Komikern
1252 2697 1340 2752 unge·

160 2783 299 2840 bnhrtieh
323 2786 469 2841 erweitert
492 2785 552 2841 sein
576 2783 722 2840 mochis«
763 2785 916 2853 Brentan0‚
941 2803 1113 2860 quamquam
1139 2785 1164 2839 in
1190 2785 1275 2840 totius
1298 2785 1339 2841 rei

161 2891 368 2948 diiudicatione
391 2892 515 2968 pessime
539 2891 636 2966 lapsus
660 2904 713 2960 est,
750 2907 845 2946 tamen
869 2892 977 2970 optime
1000 2889 1169 2947 observavit
1192 2909 1339 2968 opponen-

161 2998 232 3054 dam
267 3018 332 3055 esse
367 2999 462 3067 ἀταξία
489 2999 527 3054 illi
555 3017 649 3054 novae
681 3000 849 3055 comoediae
872 3001 955 3064 τάξιν,
982 3021 1039 3076 qua
1070 3013 1130 3056 tota
1160 2999 1255 3056 sabula
1285 2999 1339 3054 dis-

161 3107 260 3182 posita
283 3123 336 3162 est.

256 3212 354 3269 Verba
378 3213 462 3269 velim
486 3226 601 3289 spectes
620 3216 755 3282 sartorque
772 3215 821 3282 μὲν
833 3217 936 3282 πρῶτον
951 3217 981 3266 τὰ
993 3216 1020 3267 ἐν
1033 3218 1064 3288 τῇ
1077 3213 1200 3284 κωμῳδίᾳ
1213 3217 1339 3284 πρόσωπα

159 3323 239 3391 μέχρι
258 3323 342 3390 τριῶν,
367 3321 384 3375 i.
402 3338 429 3375 e.
450 3338 597 3375 numerum
619 3334 758 3388 actorum,
788 3320 896 3376 scilicet
918 3336 1002 3376 antea
1020 3321 1203 3389 indefinitum,
1226 3319 1262 3375 ad
1281 3335 1339 3376 tres

161 3428 319 3496 restrinxit,
344 3427 392 3502 qui
416 3426 490 3483 ordo
513 3427 663 3502 oppositus
691 3438 735 3482 est
759 3425 857 3482 verbis
880 3429 913 3479 τὰ
937 3431 1064 3500 aporema
1088 3423 1192 3497 εἰσῆγον
1215 3428 1337 3484 ἀτάκτως.

164 3535 193 3588 ln
219 3532 323 3608 quibus
347 3533 432 3608 igitur
455 3532 553 3587 verbis
577 3551 611 3588 ea
636 3533 709 3588 inest
732 3533 788 3588 vis:
827 3533 952 3590 fabulam
980 3553 1043 3590 eum
1073 3535 1101 3590 in
1124 3534 1238 3591 modum
1263 3551 1338 3589 com-

162 3659 285 3717 ponere,
321 3654 350 3695 ut
385 3639 460 3694 nulla
496 3640 676 3695 restrictione
711 3641 819 3694 numeri
855 3655 984 3696 actorum
1013 3640 1090 3697 sacta
1114 3659 1258 3718 personae
1282 3659 1337 3696 non

161 3748 257 3818 simul,
293 3747 343 3803 sed
380 3747 435 3802 alia
468 3759 534 3823 post
557 3745 642 3802 aliam
667 3765 756 3820 usque
781 3747 807 3801 in
832 3747 966 3804 infinitum
991 3749 1037 3804 vel
1060 3767 1209 3824 quousque
1233 3761 1338 3824 poetae

161 3855 271 3930 placet,
296 3855 474 3909 inducantur.
523 3851 622 3908 Verba
646 3853 732 3928 igitur
760 3853 818 3906 ἀλλ’
837 3853 875 3906 ἔτι
892 3855 943 3924 μὲν
960 3862 1007 3908 καὶ
1024 3852 1096 3912 οὗτος
1113 3857 1160 3922 τῆς
1172 3855 1342 3926 ἀρχαιότητος

159 3962 264 4030 maiza
282 3967 326 4014 καὶ
343 3960 428 4032 ἠρέμα
446 3979 501 4017 noc
517 3961 563 4026 τῆς
582 3959 690 4023 ἀταξίας
706 3959 868 4034 significant
879 3961 989 4017 Cratini
1006 3961 1117 4018 fabulas
1134 3981 1198 4017 eam
1211 3962 1337 4038 speciem

161 4067 344 4144 praebuisse,
380 4081 409 4122 ut
444 4085 480 4122 ex
509 4068 541 4122 iis
569 4081 685 4144 poetam
714 4085 804 4140 aegre
832 4069 974 4126 strictiore
1002 4087 1122 4125 numero
1149 4087 1336 4146 personarum

161 4193 334 4232 assuescere
361 4190 527 4251 appareret,
565 4176 592 4230 id
622 4173 700 4249 quod
729 4173 755 4228 in
785 4173 909 4248 legendo
934 4175 971 4231 ab
996 4176 1044 4233 illo
1067 4177 1258 4250 grammatico
1282 4177 1336 4231 alia
