3270 4684
715 411 929 468 *43-

229 575 285 630 illis
320 573 418 630 verbis
446 573 603 649 significari
632 573 714 628 dicit:
755 573 828 628 »wie
853 573 879 626 in
904 570 959 627 den
984 571 1166 638 Acharnern,
1203 572 1258 628 den
1284 571 1405 640 Rittern,

230 681 287 737 den
311 679 435 756 Vogeln,
467 679 532 736 dem
562 679 696 748 Frieden,
725 678 781 736 den
811 677 960 734 Frbschen
989 697 1051 734 zum
1076 678 1186 734 lnhalte
1215 679 1267 734 der
1296 675 1406 735 Stt'rcke

230 787 311 844 nicht
335 787 476 862 geborige
499 785 638 842 Lieder«.
685 784 785 840 Paullo
808 785 914 840 rectius
938 783 1109 858 Bernhardy
1133 777 1307 864 (Littgesch.
1326 785 1359 850 ll,
1386 802 1402 841 2

231 914 260 970 p.
288 891 365 972 611)
399 892 436 948 ad
471 891 554 948 ludos
581 905 711 948 actorum
735 890 886 952 eaverba
909 905 1045 968 spectare
1068 904 1147 947 ratus
1171 891 1294 968 exempli
1318 910 1406 948 causa

232 999 356 1076 profert:
397 999 477 1056 »Das
500 998 701 1054 Einscbiebsel
736 998 788 1054 der
823 997 928 1054 beiden
963 998 991 1053 in
1027 997 1082 1054 den
1111 997 1239 1056 Wolken
1267 998 1329 1055 sich
1358 998 1406 1056 be·

231 1106 408 1163 streitendea
426 1105 530 1176 Ῑιὸγοιις
566 1105 618 1162 sed
654 1104 682 1160 id
710 1123 824 1179 quoque
849 1106 872 1160 is
896 1106 953 1178 qui,
978 1123 1053 1179 quae
1082 1104 1118 1160 de
1147 1093 1242 1180 agone
1270 1105 1404 1161 Zielinski

231 1213 374 1290 exposuit,
400 1213 566 1290 perlegerit,
592 1212 640 1268 vix
656 1211 765 1267 credet.
806 1213 969 1268 Nesemann
992 1211 1059 1282 (Die
1085 1211 1204 1267 formale
1227 1211 1406 1288 Gliederung

233 1321 287 1376 der
321 1319 515 1376 alt-attischeu
539 1318 682 1374 Komddie
709 1338 738 1394 p.
759 1317 789 1396 2)
825 1317 924 1374 dicens
962 1317 1119 1374 »tundebat
1155 1318 1249 1375 nichts
1283 1319 1410 1376 anderes

232 1427 277 1483 als
301 1427 363 1483 eine
388 1426 452 1482 dem
473 1425 620 1500 Vortrage
644 1425 696 1482 des
719 1425 815 1482 Chors
838 1423 1040 1500 beigegebene
1064 1425 1204 1500 Einlage«
1233 1425 1309 1482 haud
1333 1425 1407 1483 male

234 1553 294 1590 rem
318 1535 475 1610 perspexit,
501 1533 552 1588 sed
577 1545 679 1608 postea
704 1531 802 1589 verbis
830 1531 972 1608 »Kilmpfe
997 1532 1049 1588 der
1072 1532 1266 1608 Epeisodien«
1294 1552 1311 1588 a
1336 1551 1407 1590 vero

234 1659 266 1697 se
301 1639 484 1698 aberravisse
519 1639 667 1716 patefacit.
716 1625 877 1707 Rationem,
913 1658 969 1712 qua
994 1657 1041 1696 res
1066 1639 1183 1715 intelligi
1207 1651 1312 1716 potest,
1339 1637 1407 1695 indi-

234 1747 312 1804 cavit
335 1747 468 1804 Meineke
492 1742 552 1825 (rr.
579 1765 652 1802 corn.
679 1747 712 1816 ll,
737 1766 766 1822 p.
787 1753 871 1820 757),
901 1765 964 1802 cum
994 1746 1030 1802 de
1060 1746 1221 1821 Metagenis
1245 1746 1407 1822 fragmento

428 1855 485 1908 κατ’
504 1851 645 1907 ἐπεισόδιον
663 1853 818 1924 μεταβάλλω
838 1855 881 1906 τὸν
900 1852 977 1922 λόγον
1001 1855 1036 1909 ὡς
1054 1853 1087 1906 ἂν

428 1963 543 2014 καιναῖσι
562 1963 690 2030 παροψίσι
710 1966 753 2012 καὶ
772 1959 881 2016 πολλαῖς
899 1959 1018 2028 εὐωχῆσω
1036 1963 1065 2013 τὸ
1084 1963 1200 2029 θέατρον

235 2068 392 2124 dissertans
432 2067 540 2123 haecce
580 2066 712 2122 adnotet:
757 2065 874 2122 »Facile
915 2065 979 2140 quis
1020 2066 1047 2121 in
1086 2085 1150 2122 eam
1186 2064 1282 2122 delabi
1317 2067 1408 2142 possit

235 2177 413 2242 sententiam,
451 2187 480 2229 ut
514 2172 681 2249 parabasim
718 2174 744 2228 in
781 2172 824 2228 his
856 2170 953 2227 verbis
989 2171 1113 2228 describi
1151 2173 1176 2228 in
1211 2173 1334 2228 animum
1369 2173 1408 2228 in-

235 2282 335 2354 ducat3
371 2280 422 2336 sed
451 2281 613 2336 accuratius
641 2280 688 2354 qui
717 2279 808 2336 verba
834 2279 1043 2355 contemplatus
1071 2280 1134 2346 erit,
1163 2279 1322 2356 episodium
1346 2279 1409 2335 sive

235 2389 413 2465 epigramma
441 2386 585 2462 quoddam
614 2386 694 2460 quasi
729 2387 861 2442 exodium
898 2385 1012 2442 fabulae
1048 2385 1133 2443 fuisse
1168 2386 1314 2462 intelliget,
1351 2406 1408 2443 non

235 2496 291 2552 alio
314 2496 367 2550 nisi
390 2495 463 2550 risus
486 2493 621 2570 captandi
645 2493 764 2549 consilio
795 2492 908 2550 fabulae
937 2493 1089 2564 adiectum,
1119 2512 1212 2568 neque
1241 2495 1406 2550 necessario

236 2621 299 2658 cum
328 2601 436 2676 reliqua
460 2603 574 2657 actione
598 2601 710 2656 vinculo
735 2603 923 2656 coniunctum.
962 2601 1058 2676 Atque
1083 2600 1193 2656 hincest
1217 2601 1295 2675 quod
1318 2601 1408 2656 Meta·

235 2727 325 2784 genes
349 2724 546 2784 argumentum
572 2709 695 2778 fabulae,
720 2708 866 2778 τὸνλόγον,
899 2727 930 2764 se
960 2721 1068 2764 rnutare
1097 2709 1165 2764 dicit
1193 2711 1219 2764 in
1244 2708 1404 2784 episodia«

236 2815 417 2890 Quamquam
453 2831 554 2872 contra
589 2835 624 2871 ea
654 2815 691 2870 G.
720 2816 866 2870 Hermann
894 2814 1005 2891 profert
1033 2816 1137 2871 exodia
1166 2815 1243 2892 apud
1275 2815 1407 2872 Graecos

235 2941 291 2978 non
322 2923 426 2978 usitata
455 2922 540 2978 fuisse
564 2935 592 2978 et
616 2923 642 2978 in
667 2922 828 2996 Metagenis
853 2925 1013 2996 fragmento
1035 2936 1129 2978 actum
1147 2921 1316 2978 comoediae
1340 2922 1405 2990 dici,

235 3030 309 3084 sicut
343 3029 521 3104 tragoediae,
557 3043 652 3084 tamen
683 3028 814 3084 llleineke
849 3041 930 3083 extra
960 3047 1137 3085 communem
1162 3047 1275 3085 sensum
1300 3029 1406 3104 aliquid

237 3136 414 3211 investigans
438 3136 464 3190 in
488 3134 579 3191 verbo
604 3134 746 3188 miramur
768 3136 904 3210 optimam
930 3137 1069 3191 rationem
1094 3149 1208 3192 secutus
1232 3149 1285 3192 est.

325 3241 424 3296 Verba
459 3241 618 3296 intueamur
653 3240 863 3312 >dimergerent
889 3241 915 3295 in
951 3240 1063 3316 quibus,
1100 3261 1164 3297 eum
1193 3242 1229 3298 de
1258 3242 1408 3300 comoedia

237 3363 350 3420 agatur,
387 3347 447 3402 sine
482 3345 569 3402 dubio
598 3347 744 3422 peculiare
768 3347 902 3421 quiddam
928 3348 1050 3422 positum
1075 3362 1128 3415 est,
1157 3363 1185 3403 et
1210 3363 1304 3405 mente
1328 3368 1409 3425 repe·

237 3467 339 3521 tamus,
364 3471 438 3526 quae
461 3471 548 3528 supra
573 3452 690 3509 deloco
707 3453 851 3526 Anonymi
875 3461 919 3506 nul
946 3455 996 3522 γὰρ
1024 3452 1048 3506 οἱ
1070 3456 1174 3525 πρῶτον
1197 3455 1224 3508 ἐν
1245 3455 1345 3529 Ἀττικῇ
1362 3457 1408 3511 κτλ

237 3558 446 3614 adnotavimus.
486 3562 621 3628 Hpr'mmrrct
640 3559 747 3620 firnata,
773 3561 800 3614 in
824 3558 927 3635 quibus
950 3560 1028 3630 γέλως
1049 3557 1083 3628 ἦν
1105 3564 1186 3629 μόνον
1204 3565 1234 3613 τὸ
1251 3583 1409 3617 κατασκευα-

239 3667 351 3733 ζόμενον,
386 3679 414 3722 et
437 3684 579 3741 personas
602 3666 736 3722 scurriles
759 3665 797 3722 ab
823 3666 1020 3742 Aristophane
1045 3666 1212 3742 plerumque
1236 3681 1302 3743 post
1325 3686 1409 3744 para·

237 3770 328 3827 basim
359 3772 488 3828 inductas
517 3773 591 3828 inter
621 3791 652 3828 se
677 3772 837 3829 cohaerere
862 3773 1058 3829 iudicavimus.
1107 3773 1153 3830 Ad
1178 3773 1251 3830 idem
1276 3787 1409 3850 spectant

237 3877 328 3934 verba
353 3877 495 3932 ἐπεισόδιον
524 3881 552 3932 τὸ
580 3881 607 3932 ἐν
634 3877 757 3947 κιιιμῳδιᾴ
786 3882 973 3951 ἐπιφερόμενον
1001 3885 1036 3948 τῷ
1064 3881 1177 3950 δράματι
1199 3879 1308 3950 γέλωτος
1326 3885 1408 3952 χοῖρον.

237 3983 336 4040 Verba
360 4003 431 4042 vero
454 3986 503 4052 ἔξω
521 3989 566 4054 τῆς
584 3989 731 4044 ὑποθέσεως
754 4001 783 4042 et
800 3991 867 4041 κατὰ
879 3991 1034 4059 προσθήκην
1045 3995 1090 4042 καὶ
1103 3987 1210 4053 αὔξησιν
1222 3989 1267 4042 τοῦ
1279 3985 1411 4059 δράματος

237 4089 400 4165 significant
428 4093 559 4168 episodia
582 4093 750 4169 plerumque
778 4107 844 4169 post
868 4107 1065 4169 argumentum
1090 4093 1244 4150 artificiose
1268 4093 1408 4150 excultum
