3270 4684
799 483 1007 539 ..16-

311 662 389 735 quod
413 662 440 717 in
464 663 626 718 universum
651 661 687 717 de
711 675 831 718 naturae
857 663 998 717 humanae
1022 662 1050 716 vi
1074 663 1186 718 comica
1207 663 1395 738 primigenas
1416 659 1547 714 disser-

311 780 384 838 tans,
410 787 446 824 ex
470 769 563 824 multis
586 769 720 844 gentibus
744 769 885 825 luculenta
909 768 1042 845 exempla
1065 787 1083 823 a
1107 769 1176 824 viris
1197 769 1290 824 doctis
1308 767 1451 845 passim
1473 785 1543 821 me·

310 888 423 931 morata
447 876 573 951 collegit,
609 895 685 950 quae
712 875 828 932 abunde
857 875 963 932 docent
988 874 1171 932 saltationem
1194 875 1248 932 sub
1272 877 1345 953 ipsa
1377 891 1533 951 persona

311 983 557 1059 theriomorphica
588 977 637 1062 (cf.
667 983 685 1038 l.
709 1001 734 1039 c.
765 1003 794 1060 p.
819 1001 856 1056 77
883 983 949 1038 adn.
973 1001 998 1053 1,
1026 1000 1054 1055 7.
1079 1003 1109 1058 p.
1129 981 1167 1056 78
1193 983 1260 1038 adn.
1279 980 1324 1063 4.)
1346 981 1406 1038 vel
1427 980 1531 1038 etiam

311 1089 360 1144 tali
389 1107 514 1164 persona
542 1109 600 1146 non
623 1090 721 1145 induta
745 1085 793 1168 (cs.
821 1089 837 1144 l.
864 1109 889 1145 c.
915 1110 944 1166 p.
965 1088 1004 1161 76
1029 1089 1096 1146 adn.
1117 1107 1133 1163 5
1163 1083 1451 1167 »Hoppetvogel«)
1481 1087 1526 1142 ad

310 1195 473 1252 animalium
497 1197 657 1252 immaniter
680 1197 800 1252 saliendi
824 1197 956 1272 exempla
980 1197 1204 1253 accommodare
1233 1197 1361 1252 maxime
1391 1213 1436 1251 ex
1464 1213 1522 1249 na·

310 1303 441 1358 ruralium
477 1303 621 1358 hominum
657 1303 772 1378 ingenio
801 1321 875 1360 esse.
924 1303 1038 1359 Chorus
1061 1303 1139 1377 quod
1163 1322 1226 1359 eum
1251 1323 1330 1359 usum
1359 1302 1515 1377 arripuit,

311 1410 375 1482 quis
399 1410 516 1465 miretur
540 1410 567 1465 in
592 1410 713 1466 Atticis?

398 1517 441 1572 Ne
467 1517 583 1572 omittas
611 1517 703 1573 altero
732 1516 796 1572 loco
824 1517 902 1590 quod
933 1517 961 1572 in
984 1517 1180 1572 Mannhardtii
1208 1535 1323 1590 quoque
1346 1515 1509 1592 exemplis

311 1623 462 1678 vellicandi
486 1623 704 1680 circumstantes
732 1618 781 1701 (ci.
807 1642 836 1699 p.
859 1623 931 1700 143)
956 1624 1000 1679 vei
1025 1624 1111 1680 etiam
1136 1623 1310 1679 carminibus
1333 1621 1502 1700 probrosis

310 1729 389 1786 cives
413 1730 575 1804 castigandi
599 1729 645 1786 ilie
669 1730 794 1786 occurrit
817 1747 885 1786 usus
908 1724 957 1808 (cf.
975 1730 993 1784 l.
1011 1748 1037 1786 c.
1063 1749 1091 1805 p.
1115 1725 1204 1807 145):
1234 1730 1313 1786 »Der
1330 1729 1502 1786 Batonnier

309 1835 432 1892 stimmte
460 1837 506 1892 ein
534 1837 561 1891 in
586 1837 682 1911 jedcm
706 1836 795 1911 Jahre
825 1855 879 1892 neu
908 1835 1091 1911 versertigtes
1116 1836 1188 1892 Lied
1213 1837 1262 1892 mit
1287 1855 1327 1912 99
1345 1835 1496 1912 Coupiets

308 1961 356 2011 an,
381 1943 408 1998 in
433 1943 574 1999 welchem
598 1943 644 1999 die
660 1943 827 2018 Ereignisse
843 1943 900 1999 und
917 1941 1240 2018 Skandaigeschichten
1257 1943 1309 1999 der
1325 1943 1496 2000 Gemeinde

309 2049 450 2106 wahrend
474 2049 526 2106 des
549 2068 755 2125 vergangenen
779 2050 884 2124 Jahres
909 2049 1158 2124 durchgehechelt
1181 2050 1310 2106 wurden.
1342 2050 1404 2106 Das
1422 2049 1492 2106 Ori-

308 2157 386 2230 ginal
411 2157 477 2213 kam
502 2157 544 2212 ins
568 2157 841 2226 Gemeindearchiv,
877 2157 941 2213 eine
967 2156 1116 2212 Abschrist
1140 2158 1167 2212 in
1192 2156 1237 2212 die
1262 2156 1408 2213 Chambre
1435 2156 1491 2212 des

310 2276 441 2340 comptes
464 2284 497 2320 zu
521 2265 662 2320 Nantesu.

397 2371 500 2427 'l'ertio
525 2370 589 2427 loco
613 2371 680 2426 illud
704 2383 748 2427 est
772 2371 992 2447 respiciendum,
1022 2371 1099 2445 quod
1124 2384 1152 2427 et
1176 2371 1267 2427 cultus
1290 2371 1431 2448 phaliicus
1457 2384 1487 2426 et

308 2477 476 2533 nostratium
494 2477 698 2552 »Darstellung
711 2478 1009 2554 theriomorphischer
1018 2477 1383 2552 Vegetationsdamonent,
1397 2497 1482 2552 quam

308 2584 361 2639 viri
385 2584 464 2640 docti
486 2584 592 2654 dicunt,
617 2584 656 2639 ab
680 2585 782 2640 eadem
805 2585 921 2660 priscae
944 2586 1049 2641 aetatis
1072 2585 1211 2660 religione
1232 2598 1297 2642 sunt
1312 2585 1479 2661 repetenda.

307 2690 407 2747 Cultus
430 2690 547 2766 phallici
571 2691 657 2766 igitur
672 2709 773 2766 genus,
798 2692 825 2747 in
842 2709 901 2765 quo
919 2703 1026 2747 certum
1044 2709 1231 2768 personarum
1248 2710 1347 2748 semen
1363 2691 1477 2758 latebat,

307 2796 365 2852 tale
388 2796 534 2872 quoddam
558 2796 653 2867 fuisse,
684 2797 728 2853 cui
757 2815 819 2852 mos
847 2815 973 2874 corpora
1002 2811 1031 2854 et
1054 2811 1147 2854 motus
1171 2799 1331 2854 animalium
1355 2797 1477 2854 imitandi

280 2953 292 2972 ,
308 2903 489 2973 inhaerebat,
514 2905 539 2959 si
561 2904 625 2977 quis
649 2904 821 2980 suspicatur,
847 2923 912 2960 num
937 2905 1052 2960 multum
1077 2924 1093 2959 a
1118 2923 1189 2960 vero
1213 2904 1409 2962 aberraverit?

396 3010 509 3080 Quibus
541 3010 577 3066 de
605 3011 700 3067 causis
724 3029 898 3086 quamquam
921 3029 977 3067 non
1001 3029 1121 3088 prorsus
1145 3012 1275 3087 picturae
1300 3025 1415 3068 nostrae
1436 3030 1474 3066 te·

306 3135 438 3193 pugnare
466 3118 651 3174 coniecturae
677 3118 870 3174 Aristoteleae
900 3118 1041 3188 videntur,
1073 3131 1168 3174 tamen
1196 3119 1288 3194 prima
1313 3118 1471 3174 comoediae

306 3225 465 3281 rudimenta
489 3223 543 3280 sub
567 3225 635 3280 iliud
659 3238 780 3302 tempuS,
810 3243 867 3299 quo
897 3226 1015 3282 vascula
1039 3237 1138 3281 nostra
1163 3224 1305 3281 fabricata
1329 3238 1402 3296 sunt,
1429 3225 1470 3280 ad-

307 3332 420 3388 modum
455 3346 538 3388 erant
572 3346 719 3409 superata.
767 3333 812 3388 Ex
848 3345 1092 3388 monumentorum
1129 3332 1371 3408 contemplatione
1407 3334 1469 3388 hunc

306 3452 385 3495 certe
420 3438 540 3495 fructum
576 3442 746 3510 auderemus
783 3452 813 3494 ut
837 3439 1001 3496 Aristotelis
1029 3441 1199 3496 sententiam
1228 3459 1291 3496 euni
1317 3441 1342 3495 in
1368 3459 1467 3496 sensum

306 3547 379 3602 verti
404 3547 516 3601 iamiam
541 3559 679 3616 vetemus,
704 3547 732 3601 in
756 3565 839 3620 quem
864 3547 950 3602 vertit
973 3548 1005 3606 F.
1033 3547 1094 3602 Leo
1118 3541 1201 3625 (mus.
1226 3547 1319 3603 Rhen.
1345 3547 1465 3612 xxxin,

305 3673 334 3729 p.
368 3655 455 3727 145):
496 3652 637 3722 »κωμῳδία
665 3654 700 3709 im
730 3654 922 3728 cigentlichen
952 3651 1055 3723 Sinus,
1092 3653 1119 3713 d.
1151 3654 1178 3709 h.
1214 3651 1465 3728 Schwarmgesang

306 3759 358 3815 der
396 3759 613 3835 Phailophoren
656 3779 717 3815 war
763 3761 808 3816 die
849 3760 991 3816 Komhdie
1037 3761 1112 3815 auch
1160 3761 1298 3816 hiernach
1338 3759 1412 3816 noch
1444 3761 1463 3814 in

305 3865 361 3921 den
395 3878 492 3921 ersten
526 3865 720 3940 Jahrzehoten
756 3867 807 3923 des
842 3866 1087 3940 jahrhundertsr·
1138 3866 1351 3923 Wilamowitzii
1385 3881 1462 3922 auten

304 3972 440 4048 opinioni,
465 3973 513 4046 qui
536 3968 617 4052 (Eur.
644 3972 784 4029 Heraclea
808 3973 895 4029 vohi
919 3993 947 4049 p.
968 3975 1021 4047 54)
1047 3974 1176 4030 homines
1197 3991 1309 4030 comum
1325 3973 1461 4049 phallicum

304 4091 426 4154 agentes
449 4079 531 4160 initio¹
550 4078 705 4137 obvolutos
730 4080 815 4136 fuisse
840 4080 917 4151 dicit,
942 4099 978 4136 ne
1003 4079 1077 4137 facie
1101 4081 1312 4136 suscitarentur
1340 4099 1410 4134 nnur
1427 4099 1460 4134 um

304 4185 465 4241 unerkaunt
487 4205 521 4241 zu
545 4186 693 4254 bleiben«,
718 4187 772 4244 erit
796 4186 997 4257 obiiciendum,
1023 4206 1059 4243 cx
1083 4186 1182 4262 figuris
1206 4187 1281 4244 eistci
1304 4187 1366 4242 veri
1387 4187 1460 4242 simili·
