3270 4684
681 493 894 550 „35-

190 652 301 727 quibus
335 651 433 709 verbis
469 652 646 728 respondent
674 652 765 709 verba
795 653 960 710 seminarum
984 655 1087 712 eodem
1111 656 1230 712 consilio
1253 656 1367 732 prolata

193 776 224 813 v,
251 757 332 833 637:

392 867 460 922 til-lit
478 869 608 936 θώμεσθ’,
629 862 651 920 ὦ
669 867 745 936 φίλαι
762 870 845 937 γρᾶες,
865 870 924 924 ram
943 873 1046 938 πρῶτον
1063 876 1153 938 χαμαὶ,

191 987 224 1028 et
249 991 276 1028 v.
303 971 381 1028 662:

410 1081 478 1136 <illl
495 1083 543 1148 τὴν
561 1081 664 1152 ἐξωμίδ’
684 1083 836 1150 t'urlmipet‘l',
856 1085 891 1139 ὡς
907 1085 953 1137 τὸν
971 1081 1054 1152 ἄνδρα
1073 1083 1113 1136 δεῖ

410 1187 504 1258 ἀνδρὸς
521 1187 590 1251 ὄζειν
608 1189 693 1246 εὐθύς.

191 1292 300 1367 quibus
324 1291 422 1350 verbis
446 1295 624 1371 respondent
646 1295 738 1352 verba
764 1297 930 1352 feminarum
953 1315 981 1351 v.
1007 1295 1085 1350 686:

411 1399 478 1454 ἀλλὰ
497 1401 593 1470 χήμεῖς,
614 1399 634 1455 ὦ
652 1407 776 1472 γυναῖκες,
797 1405 898 1456 θᾶττον
916 1403 1078 1472 thumiama,

411 1509 444 1564 nis
462 1507 496 1560 ἂν
515 1507 614 1578 ὄζωμεν
631 1513 766 1578 γυναικῶν,
787 1509 899 1573 ἀυτοδὰξ
916 1510 1090 1580 ὠργισμένωνς

193 1615 310 1668 tertium
337 1614 429 1670 locum
455 1615 575 1690 legimus
598 1618 625 1672 in
650 1617 961 1692 Thesmophoriazusis
985 1635 1012 1675 v,
1039 1615 1116 1688 655:

339 1722 407 1790 ἡμᾶς
425 1725 512 1775 τοίνυν
530 1726 595 1790 μετὰ
615 1725 680 1778 rm‘rr'
699 1724 749 1790 ἤδη
767 1725 813 1781 rtis
831 1724 972 1793 λαμπάδας
989 1725 1128 1794 ἁψαμένας
1151 1743 1196 1792 ιρν,

340 1827 522 1898 ξυζωσαμένας
540 1825 567 1884 εὖ
585 1829 723 1900 κάνδρείως
741 1835 792 1884 τῶν
811 1828 953 1900 θ’ἰματὺυν
971 1829 1103 1886 ἀποδ’σας

342 1937 432 2002 ζητεῖν,
452 1939 475 1990 el
493 1956 542 1989 που
560 1935 655 1994 κᾶλλος
672 1959 710 1994 tis
727 1938 794 2008 ἀνὴρ
811 1937 864 1991 κτλ.

288 2041 387 2097 Utrum
425 2043 545 2098 voluerit
580 2043 627 2098 illo
656 2044 837 2117 Lysistratae
872 2043 936 2100 loeo
969 2043 1180 2119 Aristophanes
1207 2060 1306 2098 veram
1335 2061 1370 2097 ac

190 2149 350 2220 ⁴genuinam
375 2149 541 2224 parabasim
566 2149 695 2206 scribere
719 2169 823 2220 annon,
849 2152 876 2206 in
900 2151 1016 2226 ancipiti
1039 2163 1083 2206 est
1107 2150 1239 2226 positum,
1283 2147 1371 2205 Certe

194 2253 567 2331 Thesmophoriazusarum
603 2256 763 2333 exemplum
801 2258 887 2314 docet
922 2255 988 2312 illurl
1016 2255 1145 2334 ἀποδῦναι
1173 2256 1258 2311 etiam
1288 2267 1370 2310 extra

194 2361 364 2438 parabasim
389 2381 553 2432 occurrere,
580 2364 606 2418 id
630 2365 707 2438 quod
732 2363 866 2420 Zielinski
890 2363 1022 2440 praecise
1044 2377 1142 2437 negat.
1174 2361 1240 2430 Qua
1264 2381 1296 2418 re
1312 2379 1372 2418 sus-

194 2469 281 2544 picor
306 2447 534 2526 Ac'harnensium
559 2489 673 2544 quoque
698 2470 790 2526 locum
816 2489 843 2525 ν.
869 2469 947 2542 627:

448 2575 505 2629 ἀλλ’
524 2576 664 2634 ἀποδύντες
682 2581 735 2634 τοῖς
754 2578 924 2633 ἀναπαίστοις
942 2577 1054 2645 ἐπίωμεν

193 2681 236 2736 ad
261 2681 462 2758 impedimenta
487 2681 649 2739 abiicienda
673 2685 827 2760 pertinere.
863 2684 907 2739 Ac
930 2701 1028 2738 narsus
1051 2683 1107 2738 iam
1128 2680 1236 2758 figuras
1251 2683 1279 2737 in
1295 2683 1373 2738 vasis

194 2789 331 2864 depictas
355 2790 544 2866 contemplari
570 2791 661 2846 iuvat:
688 2793 715 2846 in
740 2791 859 2846 vasculo
876 2790 1051 2846 Berolinensi
1075 2808 1122 2846 no.
1145 2789 1226 2863 1830
1243 2787 1373 2846 videmus

195 2898 338 2952 intrantes
378 2896 519 2971 quosdam
562 2895 730 2954 immanibus
769 2897 862 2974 palliis
902 2897 1028 2966 indutos,
1069 2899 1096 2952 in
1132 2895 1250 2953 vasculo
1285 2897 1373 2952 musei

194 3003 353 3058 Britannici
378 3001 525 3060 ἀνωδύνως
548 3003 703 3060 choreutas
726 3004 874 3074 saltantes,
899 3023 992 3079 neque
1016 3005 1146 3078 cuiquam
1171 3002 1286 3060 dubium
1308 3004 1372 3071 erit,

194 3111 266 3184 quin
290 3110 318 3178 ii,
348 3110 395 3183 qui
419 3127 557 3184 equorum
583 3125 681 3186 partes
706 3109 894 3181 sustinebant,
920 3111 943 3166 si
967 3130 998 3166 re
1023 3129 1092 3166 vera
1117 3112 1143 3166 in
1167 3128 1255 3166 scena
1278 3127 1374 3166 mane-

195 3215 279 3282 bant,
306 3235 506 3290 nonnunquam
532 3235 673 3292 personas
697 3217 892 3293 deposuerint.

291 3324 388 3397 ltaque
424 3341 516 3398 neque
551 3323 628 3398 quod
658 3339 745 3400 poeta
774 3339 955 3400 spectatores
982 3323 1144 3399 alloquitur,
1180 3342 1273 3398 neque
1296 3323 1374 3397 quod

193 3431 358 3486 choreutae
376 3429 578 3506 impedimenta
595 3431 640 3486 vel
659 3431 829 3487 vestimenta
846 3430 1001 3508 deponunt,
1022 3431 1130 3508 epilogi
1146 3430 1227 3486 color
1242 3427 1373 3486 efficitur.

196 3537 307 3606 Quanti
332 3537 465 3592 momenti
490 3539 545 3592 sint
569 3537 764 3613 epirrhemata
789 3539 919 3613 seoptica
943 3535 1047 3594 Kaibel
1071 3537 1089 3593 l.
1107 3557 1131 3593 c.
1157 3536 1263 3607 docuit,
1288 3551 1374 3612 atque

193 3645 284 3700 etiam
310 3643 476 3717 graviorem
500 3643 593 3699 locum
611 3643 778 3720 parabasim
797 3643 906 3700 habere
923 3643 1064 3712 censebis,
1090 3664 1153 3700 cum
1169 3641 1375 3700 observaveris

194 3752 302 3807 comici
326 3765 432 3826 poetae
456 3749 579 3806 officium
605 3769 753 3821 summum,
778 3752 856 3826 quod
882 3751 1093 3828 Aristophanes
1117 3751 1185 3806 dicit

397 3853 527 3910 ἰάσασθαι
548 3861 625 3910 νόσον
643 3859 756 3930 ἀρχαίαν
775 3858 803 3910 ἐν
823 3859 852 3930 τῇ
870 3858 945 3911 πόλει
964 3859 1131 3920 ἐντετοκυῖαν,

196 3967 237 4020 ita
262 3965 403 4032 exerceri,
428 3979 457 4019 ut
482 3962 635 4040 parabasis
658 3965 742 4020 alium
765 3965 933 4041 plerumque
949 3983 984 4020 ae
1000 3978 1060 4020 tuta
1078 3962 1227 4020 comoedia
1245 3963 1374 4020 morbum

196 4070 346 4146 publicum
372 4070 598 4147 increpitandum
623 4070 677 4126 sibi
700 4085 802 4127 sumat.

293 4175 414 4232 Accedit
437 4178 515 4252 ‹pmd
540 4191 568 4232 et
593 4177 807 4254 Aristophanes
835 4193 863 4234 et
888 4178 1081 4234 Athenienses
1103 4178 1190 4254 longe
1213 4177 1376 4248 abluerunt,

1181 4283 1215 4333 3.
