3270 4684
724 481 937 534 „37--

235 641 262 694 in
298 659 378 695 usum
407 639 473 695 mihi
502 639 615 695 videtur
641 640 761 710 venisse,
798 638 901 714 quibus
924 640 979 694 iam
1005 639 1132 714 parodus
1156 639 1309 695 artificiose
1334 659 1409 696 com-

235 746 329 822 posita
353 764 371 800 a
395 747 488 822 poetis
512 747 632 802 inveniri
652 759 757 822 coepta
773 758 826 814 est,
853 746 898 801 rel
915 747 948 802 iis
964 761 992 801 ut
1008 745 1091 801 aliter
1107 746 1200 802 dicam
1217 745 1405 822 temporibus,

234 852 338 926 quibus
367 853 519 909 comoedia
545 853 641 909 Attica
671 853 709 908 ad
739 871 802 908 eam
832 867 922 908 artem
947 851 1086 929 perducta
1110 867 1162 920 est,
1188 868 1216 908 ut
1240 853 1408 909 elementum

237 959 423 1016 dramaticum
448 975 476 1016 et
492 961 662 1017 elementum
680 960 826 1016 eboricum
844 961 870 1014 in
888 959 1001 1036 parodo
1017 958 1054 1013 ad
1072 978 1250 1015 communem
1266 959 1407 1016 actionem

235 1065 443 1122 coalescerent.
495 1064 621 1122 Simulac
657 1065 809 1142 parabasis
833 1069 979 1135 κομμάτιον
1002 1065 1184 1120 decantatum
1214 1081 1266 1134 est,
1303 1067 1408 1121 chorus

234 1174 380 1247 antiquum
405 1191 485 1229 suum
510 1175 552 1228 ius
576 1173 753 1249 adipiscitur.

323 1279 383 1336 Th.
402 1279 535 1336 Zielinski
559 1299 622 1336 cum
641 1280 666 1335 in
684 1279 867 1354 disquirenda
884 1281 1053 1335 comoediae
1071 1281 1184 1336 Atticae
1200 1279 1408 1355 compositione

227 1405 369 1460 magnam
394 1387 553 1442 doctrinam
578 1387 615 1442 ed
639 1387 813 1461 diligentiam
832 1387 997 1456 collocaret,
1024 1387 1089 1443 illud
1107 1385 1223 1442 tenebat
1240 1385 1408 1442 comoediae

233 1495 449 1568 antiquissimae
473 1494 595 1568 vestigia
621 1494 791 1549 delitescere
816 1493 842 1548 in
868 1493 965 1549 lormis
981 1513 1054 1568 quas
1071 1493 1138 1548 (licit
1154 1493 1309 1550 canonicis
1342 1493 1407 1562 Qua

233 1600 376 1656 adductus
411 1601 545 1677 opinione
581 1600 703 1656 exodum
731 1601 983 1676 Aristophanem,
1020 1619 1079 1656 rem
1114 1613 1193 1655 ratus
1221 1619 1283 1654 eam
1309 1600 1408 1655 nullius

235 1708 379 1776 momenti,
415 1709 522 1784 quippe
558 1725 632 1782 quae
668 1707 753 1763 certis
782 1707 879 1763 formis
908 1723 1031 1776 careret,
1068 1707 1170 1762 leviter
1197 1721 1303 1762 tantum
1329 1723 1356 1762 et
1381 1709 1407 1762 in

234 1827 400 1870 transcursu
424 1816 568 1882 tractarit,
593 1834 649 1888 qua
676 1815 702 1868 in
727 1833 758 1869 re
782 1816 841 1869 veri
867 1815 979 1890 species
1003 1816 1028 1869 ei
1045 1815 1134 1869 adluit
1150 1833 1186 1870 eo
1204 1815 1304 1888 magiS,
1330 1815 1406 1888 quod

235 1920 331 1995 paullo
355 1936 439 1976 antea
465 1921 630 1996 parahasim
656 1921 733 1976 initio
758 1922 902 1996 epilogum
920 1920 1006 1977 fuisse
1022 1921 1190 1976 comoediae
1208 1921 1406 1976 demonstrare

234 2043 355 2082 conatus
378 2043 450 2083 erat.
498 2026 529 2083 Si
553 2027 705 2104 probanda
735 2039 812 2084 esset
836 2028 979 2083 Zielinskii
1003 2029 1154 2101 sententia,
1182 2047 1238 2102 qua
1263 2027 1330 2081 nihil
1354 2029 1406 2082 nisi

224 2134 325 2194 „forma
350 2135 499 2204 canonica,
524 2153 609 2210 quam
634 2135 711 2204 dicit,
737 2135 852 2190 cuilibet
880 2137 955 2210 parti
980 2134 1148 2190 comoediae
1175 2134 1406 2208 Aristrphaneae

233 2241 356 2315 alirptam
394 2256 564 2298 vestutatem
600 2241 726 2296 vindicat
761 2261 796 2296 ac
833 2242 1001 2298 comoediae
1030 2241 1162 2316 originali
1190 2261 1253 2297 eam
1278 2241 1406 2296 attribuit

234 2349 328 2405 statim
364 2349 391 2404 in
426 2349 546 2405 eaodem
582 2350 751 2404 sententiam
788 2349 871 2404 nobis
899 2348 1020 2404 eundum
1050 2362 1134 2404 esset.
1183 2345 1241 2403 Sed
1272 2349 1406 2404 lormulas

235 2455 434 2524 hereditarias,
471 2475 543 2530 quas
572 2475 607 2510 ex
632 2475 727 2530 agone
752 2455 885 2512 Zielinski
909 2457 1079 2524 enucleavit,
1117 2455 1240 2510 maxima
1264 2474 1299 2510 ex
1323 2469 1406 2530 parte

233 2561 438 2618 arbitrabimur
461 2582 525 2618 esse
550 2562 656 2618 formas
685 2563 722 2618 ab
749 2564 944 2640 Aristophane
969 2565 1099 2618 inventas
1123 2577 1151 2618 et
1168 2561 1312 2618 identiden
1329 2581 1406 2618 usur-

234 2684 326 2745 patas,
363 2684 392 2725 ut
426 2689 515 2745 saepe
550 2669 580 2724 stt
609 2671 634 2724 in
660 2687 808 2746 poetarum
834 2686 861 2726 et
886 2671 1023 2726 artificum
1048 2669 1194 2746 operibus
1242 2668 1287 2724 De
1311 2669 1405 2724 excido

235 2795 313 2842 vero,
349 2796 424 2850 quae
460 2776 508 2830 tali
540 2775 630 2830 forma
666 2791 755 2843 caret,
794 2777 867 2832 haec
896 2778 949 2831 erit
973 2791 1071 2832 nostra
1096 2776 1285 2831 ratiocinatio,
1334 2775 1404 2830 Cum

233 2883 385 2958 parabasis
410 2883 477 2938 nihil
503 2881 620 2952 habeat,
646 2883 722 2956 quod
748 2883 855 2958 epilogi
872 2884 1018 2960 proprium
1037 2883 1081 2952 sit,
1107 2902 1142 2938 ea
1159 2884 1253 2958 potius
1269 2883 1404 2938 choricae

233 2991 401 3046 comoediae
437 3007 505 3065 pars
540 2990 711 3063 gravissima
747 2990 792 3058 sit,
829 3005 915 3063 atque
951 3009 1013 3045 cum
1050 3009 1085 3046 eit
1120 3008 1214 3045 rerum
1246 3004 1345 3044 natura
1370 2991 1405 3045 sit

233 3099 362 3166 chorum,
388 3096 435 3171 qui
459 3109 641 3172 spectatores
665 3096 849 3151 vellicaturus
874 3099 1041 3166 intraverat,
1072 3117 1135 3152 cum
1160 3097 1255 3170 aliquo
1279 3097 1404 3152 carmine

232 3205 330 3258 colore
355 3203 495 3274 Dionysio
531 3201 619 3256 tincto
655 3217 683 3256 et
718 3202 841 3258 sortasse
877 3204 1030 3278 antiquitus
1065 3203 1170 3258 tradito
1202 3236 1238 3244 ψ
1270 3221 1304 3258 ea
1336 3222 1402 3259 vera

232 3309 354 3376 κωμῳδία
381 3341 417 3348 -
449 3327 484 3362 ex
513 3326 650 3364 consessu
678 3328 710 3364 se
738 3310 883 3385 recipere,
920 3329 977 3384 ego
1006 3311 1033 3365 id
1062 3310 1147 3366 exodi
1171 3309 1403 3386 Aristophaneae

232 3432 322 3486 genus
351 3415 493 3488 antiquius
522 3415 634 3484 ducam,
671 3436 728 3490 quo
759 3417 865 3473 chorus
889 3417 1040 3472 saltatione
1064 3436 1095 3472 se
1120 3417 1246 3485 abdicat,
1283 3417 1332 3472 scd
1357 3436 1404 3472 ex·

231 3533 342 3574 euntem
368 3539 433 3575 sese
457 3523 583 3576 carmina
601 3523 751 3598 popularia
769 3537 948 3579 cantaturum
965 3543 1030 3579 esse
1047 3525 1194 3599 promittit,
1219 3524 1296 3598 quod
1313 3543 1404 3597 genus

231 3638 326 3679 exstat
361 3627 387 3680 iu
412 3627 658 3696 Acharnensihus,
695 3630 818 3686 sortasse
847 3631 873 3685 in
898 3629 1048 3705 Equitibus
1076 3650 1161 3704 quam
1191 3631 1314 3685 mutilam
1340 3650 1403 3686 esse

231 3731 409 3788 comoediam
434 3735 507 3790 inter
532 3734 661 3791 homines
686 3736 788 3793 doctos
809 3738 943 3792 convenit
955 3737 974 3811 ¹)
998 3738 1024 3792 in
1042 3735 1180 3806 Nubibus,
1206 3737 1259 3792 etsi
1276 3737 1402 3792 carmina

230 3855 285 3892 non
318 3838 413 3895 verbis
449 3843 594 3916 expressis
622 3845 833 3917 promittuntur,
871 3845 897 3898 in
922 3843 951 3898 Τ
954 3844 1242 3920 hesmophoriazusis,
1281 3843 1403 3899 fortasse

231 3943 256 3996 in
281 3943 379 4016 lionis,
417 3949 443 4002 in
472 3947 563 4004 Pluto.
617 3950 745 4005 Alterum
775 3970 875 4026 genus,
912 3951 990 4026 quod
1019 3951 1092 4007 idem
1122 3951 1197 4004 haud
1228 3951 1264 4006 ita
1295 3951 1402 4006 recenti

290 4085 379 4092 -—-...

302 4169 320 4230 ¹)
341 4175 372 4222 cs.
393 4178 423 4224 A.
439 4177 575 4236 Kirchholf,
597 4179 701 4227 Hermes
720 4179 782 4231 Xlll.
803 4195 827 4241 p.
842 4181 893 4228 ‘294
912 4181 972 4228 adn.
991 4182 1010 4229 l.
