3270 4684
126 702 357 770 descenderunt,
382 703 458 776 quia,
478 703 504 758 id
521 701 598 774 quod
616 703 674 758 fere
691 721 938 778 supervacaneum
955 715 999 758 est
1020 702 1127 768 dicere,
1153 719 1207 776 per
1222 713 1315 756 totam·

127 809 316 865 comoediam
342 809 483 864 h'ominem
508 809 535 864 in
559 822 643 883 tergo
667 823 785 884 portare
809 808 1001 866 adulescentis
1025 807 1134 865 viribus
1150 809 1241 864 maius
1256 819 1312 876 est,

127 916 186 972 secl
214 935 278 972 num
303 935 338 971 ex
362 934 449 972 scena
475 916 648 972 recesserint
671 917 736 989 equi
760 916 917 992 personati,
944 915 971 970 in
995 914 1083 972 dubio
1107 915 1246 988 relinque.

227 1023 288 1078 Etsi
323 1022 501 1099 respondere
535 1024 562 1078 ei
590 1024 750 1096 quaestioni
779 1042 824 1078 me
847 1023 965 1096 nequire
989 1022 1091 1090 fateor,
1128 1041 1185 1095 quo
1208 1021 1310 1078 ordine

130 1129 251 1206 disponi
286 1129 431 1206 potuerint
464 1130 491 1185 in
526 1129 644 1205 singulis
679 1129 761 1185 chori
798 1129 929 1198 motibus,
966 1143 1057 1186 utrum
1087 1129 1152 1204 equi
1180 1129 1315 1198 alterum.

131 1237 249 1310 equites
284 1236 403 1292 alterum
438 1255 526 1292 cornu
563 1237 713 1304 tenuerint,
749 1255 785 1292 an
814 1237 946 1312 permixti
974 1238 1085 1310 utrique
1110 1249 1209 1312 partes
1232 1235 1318 1292 susti·

133 1343 261 1411 nuerint,
287 1356 382 1399 tamen
405 1361 442 1399 ex
466 1361 512 1398 vv.
541 1361 597 1415 271
627 1362 671 1416 sq.

387 1449 443 1503 citt*
464 1451 509 1502 ἐὰν
528 1453 607 1523 ταύτῃ
626 1472 652 1520 γι
673 1455 738 1518 νικᾷ,
760 1459 849 1524 ταυτῃὶ
868 1451 1032 1517 πεπλήξεται,

389 1557 419 1624 ἢν
438 1556 600 1630 d'ferenuft'vp
618 1579 646 1627 ,νο
665 1557 741 1626 δευρὶ,
764 1561 792 1612 τὸ
811 1558 899 1616 σκέλος
916 1561 1062 1628 κυρηβάσει,

137 1663 256 1720 elucere
281 1664 349 1719 mihi
373 1663 485 1720 videtur
509 1663 536 1719 in
560 1677 680 1739 utroque
706 1665 884 1722 hemichorio
909 1665 964 1720 hoc
988 1666 1053 1720 loco
1069 1664 1195 1720 adfuisse
1211 1681 1312 1736 equos

139 1773 178 1826 ite
207 1785 238 1827 ut
267 1771 319 1826 tria
348 1770 505 1846 distinguat
533 1783 633 1846 poeta:
670 1785 719 1827 aut
742 1772 930 1847 aggredietur
953 1771 1043 1828 Cleon
1068 1771 1188 1828 alterum
1213 1788 1312 1840 cornu,

139 1891 189 1933 aut
223 1877 411 1952 aggredietur
438 1877 558 1934 alterum
587 1911 624 1920 -
650 1879 774 1952 equitum
803 1897 904 1934 manus
934 1897 997 1934 eum
1022 1878 1164 1954 attingent
1190 1909 1227 1918 -
1253 1890 1316 1948 aut,

141 1984 168 2040 id
193 1984 270 2058 quod
294 1985 378 2040 tertio
402 1984 467 2040 loco
483 1996 583 2055 restat,
607 1985 752 2038 ὑπεκκλίνῃ
777 1984 888 2060 fugiens
905 1985 932 2040 in
949 1998 1074 2060 tergum:
1100 1997 1158 2040 tum
1174 2002 1312 2057 equorum

141 2088 262 2166 pedibus
297 2071 457 2160 vexabitur,
491 2094 521 2146 τὸ
539 2091 627 2149 σκέλος
645 2095 782 2162 κυρηβάσει
794 2090 823 2168 ¹),
875 2093 906 2147 ln
941 2091 1080 2168 parabasi
1114 2109 1171 2148 non
1199 2091 1313 2148 invenio

141 2198 211 2254 satis
245 2211 325 2254 certa
360 2197 474 2268 indicia,
509 2217 546 2254 ex
575 2197 678 2272 quibus
706 2199 886 2268 concludam,
923 2217 981 2273 quo
1003 2199 1105 2255 ordine
1128 2198 1236 2254 chorus
1259 2197 1313 2254 dis-

144 2305 250 2381 positus
274 2303 366 2361 fuerit.
414 2305 451 2360 Et
474 2305 639 2381 epirrhema
663 2318 691 2362 et
715 2305 930 2382 antepirrhema
952 2305 979 2360 in
996 2318 1117 2378 utroque
1134 2305 1314 2361 hemichorio

144 2411 252 2484 equites
282 2411 407 2468 adfuisse
435 2431 487 2467 suo
515 2427 685 2487 argumento
714 2412 846 2468 videntur
873 2410 1010 2488 probare.
1059 2411 1124 2480 Qua
1153 2412 1190 2469 de
1218 2431 1249 2468 re
1273 2427 1314 2467 ut-

146 2536 252 2590 cunque
280 2531 398 2593 statues,
428 2519 455 2574 in
483 2518 597 2594 parodo
627 2520 796 2576 comoediae
824 2519 891 2593 quin
921 2517 1020 2575 habitu
1045 2517 1143 2594 figuris
1167 2518 1220 2574 illis
1244 2519 1315 2574 anti-

146 2624 283 2696 quissimis
307 2625 389 2680 simili
413 2625 520 2680 chorus
545 2625 704 2694 incesserit,
729 2613 786 2700 ego
811 2645 867 2680 non
892 2623 1032 2692 dubi102J.

716 2874 742 2912 2.

230 2979 293 3055 Jam
322 2999 393 3036 vero
422 2982 564 3037 mittamus
592 3000 743 3055 quaerere,
772 2981 839 3054 quid
869 2981 905 3036 de
929 3000 960 3038 re
984 2981 1099 3037 scenica
1123 2982 1314 3057 posteriorum

150 3101 268 3143 aetatum
293 3087 416 3144 doceant
441 3101 630 3144 monumenta.
671 3085 774 3158 Smith‚
800 3088 818 3143 l.
836 3107 861 3144 c.
888 3109 916 3164 p.
937 3107 1008 3164 309,
1034 3088 1205 3144 oenocboen
1226 3089 1316 3144 musei

153 3246 279 3253 ...ω--

217 3349 235 3412 ι)
264 3353 372 3402 Verbum
396 3349 456 3414 νικᾷ
481 3367 531 3402 nnn
555 3354 651 3416 indiget
670 3355 824 3402 correctione
850 3353 978 3416 [Zielinski
998 3355 1012 3402 l.
1033 3369 1055 3402 e.
1080 3367 1103 3416 p.
1126 3354 1176 3402 tot
1197 3355 1255 3404 adn.
1281 3355 1312 3418 1).

153 3441 259 3491 Zielinski
279 3456 324 3504 pro
344 3443 422 3491 verbo
442 3440 517 3504 νικᾷν
535 3443 673 3506 suspicans
692 3445 805 3500 verbum,
826 3443 894 3506 quod
915 3441 1042 3505 siguificat
1056 3444 1208 3502 ‚‚evudere“,
1228 3443 1314 3492 vertit:

156 3529 271 3592 ,Wendet
299 3546 324 3579 er
351 3531 405 3581 sich
429 3532 538 3589 dorthin,
567 3533 592 3580 d.
610 3533 633 3580 h.
658 3533 732 3591 linio,
762 3547 792 3582 sn
816 3533 880 3582 wird
905 3547 931 3581 er
950 3533 1007 3582 dort
1025 3533 1180 3594 gescntagen
1200 3533 1315 3594 werden;

155 3621 245 3670 wendet
273 3635 299 3669 er
322 3621 374 3669 sich
399 3621 503 3682 nierlrin,
532 3635 563 3670 sn
587 3621 650 3670 wird
673 3637 701 3671 es
725 3621 775 3670 ihm
795 3623 853 3670 libel
873 3621 1049 3671 belcnrnmen¹‘.
1088 3621 1137 3670 Sed
1157 3621 1262 3685 propius
1282 3623 1315 3671 ad

156 3724 230 3758 verum
258 3709 369 3768 accedet,
397 3711 440 3774 qui
467 3708 548 3778 ταύτῃ
575 3717 655 3759 vertet
681 3711 767 3772 „dort“
798 3712 813 3760 i.
838 3725 859 3760 e.
886 3711 909 3759 in
934 3711 976 3760 illo
1001 3725 1088 3770 como,
1113 3711 1153 3760 eui
1178 3712 1318 3774 opponitur

155 3795 235 3864 ταυτῃί
254 3799 335 3860 „hier“
357 3801 372 3848 i.
392 3815 414 3850 e.
433 3801 458 3848 in
478 3801 556 3850 hocce
575 3815 662 3858 cornu,
682 3815 758 3863 quarn
778 3801 820 3866 qui
840 3807 944 3850 secutus
962 3800 1014 3850 Z'tn
1035 3805 1114 3850 vertet
1132 3797 1212 3866 ταύτῃ
1233 3801 1314 3861 „dort-

156 3888 213 3938 hin“.
251 3888 276 3936 ln
301 3889 386 3938 vebis
410 3881 479 3953 δευρὶ
502 3883 662 3937 ineuntium
680 3889 758 3938 inest:
787 3897 847 3954 post
867 3897 937 3952 terge
956 3891 1132 3939 choreutururn
1152 3891 1266 3938 evadere.

216 3970 235 4041 ²)
264 3977 290 4026 ln
310 3977 453 4041 Metagenis
472 3979 699 4041 Thuriopersarum
727 3979 868 4042 fragmento
889 3981 903 4028 7
923 3975 1017 4042 (Kocltl
1037 3979 1138 4042 legitur:
1168 3977 1205 4029 tir
1223 3975 1318 4040 rotinus

156 4059 247 4127 ἰὀπωνς,
262 4063 296 4116 ὡς
313 4059 335 4114 δ’
337 4061 474 4131 ὀρχοῦνται
488 4064 531 4116 τὸν
543 4064 704 4134 βαρβαρικὸν
717 4065 813 4132 τρόπον
826 4059 908 4130 οἴνοις
929 4069 1016 4118 Hecne
1028 4082 1130 4131 quoque
1143 4068 1169 4117 in
1182 4067 1318 4117 comoedia

158 4155 189 4204 illu
206 4156 350 4219 personatio
370 4157 474 4220 repetitu
493 4172 551 4206 esse
570 4158 659 4220 putuit,
680 4159 714 4208 its
733 4164 761 4207 ut
777 4159 940 4222 proverbium
958 4155 997 4208 τίς
1008 4154 1102 4221 ιρίοτος
1113 4151 1209 4210 ἳππων,
1229 4159 1261 4206 de
1274 4158 1318 4206 illu

159 4244 324 4305 personatione
343 4245 491 4304 adhibitum,
512 4261 556 4309 per
575 4247 706 4296 ridiculum
726 4248 902 4296 adhiberetur?
