3270 4684
704 487 917 542 -„,-

317 646 417 701 Fuitne
442 647 557 704 omnino
585 646 756 702 »comoedia
781 645 996 722 pararnythia«,
1023 647 1048 700 in
1069 667 1126 720 qua
1143 646 1298 720 singularia
1314 666 1400 720 ‹puae-

225 753 293 810 dam
317 767 346 808 et
368 773 386 808 a
411 752 561 810 comoedia
586 753 702 828 politica
726 767 754 807 et
780 751 977 827 rnythologica
1002 767 1058 808 tam
1082 753 1175 808 aliena
1196 751 1345 823 inluerunt,
1371 767 1400 809 ut

227 875 306 917 reete
341 879 405 916 eam
442 873 530 929 notet,
566 859 614 934 qui
649 859 686 914 ad
723 879 786 914 eam
823 858 913 914 rerba
938 859 1128 914 Zielinskiana
1164 859 1282 915 adhibet
1321 861 1399 916 »rein

229 966 446 1023 marchenhalte
472 966 657 1040 Richtungu?
704 967 767 1040 Jarn
804 965 869 1022 vide
897 985 983 1040 quam
1011 966 1230 1041 argumentandi
1261 968 1399 1022 rationem

228 1075 272 1128 vir
295 1073 341 1129 ille
366 1073 468 1130 doctus
492 1074 578 1129 ineat.
626 1073 748 1128 Primum
773 1073 887 1146 quidem
919 1071 1046 1149 probare
1075 1087 1195 1128 conatur
1220 1095 1247 1149 p.
1266 1091 1285 1148 9
1302 1092 1346 1148 sq.
1371 1087 1400 1130 et

229 1179 332 1236 Avium
355 1179 559 1255 Aristophanis
583 1177 708 1234 labulam
733 1181 781 1234 niti
805 1178 974 1253 quibusdam
1000 1179 1199 1254 paramythiis,
1223 1198 1298 1254 quae
1314 1181 1399 1236 etiam

227 1287 332 1342 nostris
367 1285 546 1363 temporibus
575 1287 602 1341 in
626 1285 752 1342 Graecia
777 1300 938 1354 narrantur,
975 1301 1002 1342 et
1032 1305 1096 1342 esse
1121 1285 1195 1342 illam
1220 1286 1399 1342 comoediam

232 1395 312 1450 »eine
349 1393 493 1450 hannlose
518 1394 652 1449 Feerieu.
700 1393 782 1460 Quas
813 1393 884 1447 duas
915 1411 961 1448 res
991 1406 1020 1447 ut
1049 1391 1154 1468 probet
1189 1392 1342 1449 Zielinskio
1377 1395 1400 1448 si

227 1519 283 1557 non
308 1501 437 1574 contigit,
463 1518 519 1556 non
544 1514 596 1564 est,
622 1499 699 1573 quod
724 1501 838 1554 omnino
860 1500 932 1554 inter
949 1499 1115 1555 comoedias
1131 1499 1298 1575 deperditas
1315 1499 1400 1556 luisse

228 1627 297 1684 pure
321 1607 521 1684 paramythias
544 1605 684 1681 quasdam
709 1605 792 1661 nobis
816 1609 1001 1682 persuaserit.
1035 1599 1079 1661 A'c
1096 1607 1203 1682 optime
1219 1607 1399 1662 Zielinskium

228 1714 356 1770 meritum
381 1733 445 1770 esse
463 1713 537 1769 duco
554 1713 590 1768 de
608 1713 711 1768 Avium
729 1714 973 1788 interpretatione,
998 1713 1075 1787 (prod
1098 1727 1164 1789 post
1181 1712 1400 1770 innumerabiles

227 1823 287 1877 lere
313 1822 436 1878 virorum
462 1821 611 1877 doctorum
637 1820 861 1896 disceptationes
873 1819 902 1893 ¹),
927 1833 1019 1876 utrum
1039 1821 1140 1875 rlvium
1165 1818 1261 1876 sabula
1285 1822 1320 1876 sit
1336 1839 1399 1876 curn

226 1929 302 1984 omni
339 1927 452 1983 licentia
482 1928 596 2002 poetica
629 1927 744 1982 inventa
768 1945 821 1982 nec
846 1945 890 1994 ne,
928 1925 1093 2002 philologos
1116 1926 1266 1983 attendere
1290 1927 1400 1984 animos

230 2035 308 2089 iussit
332 2034 369 2090 ad
394 2033 641 2109 paramythiorum
666 2046 834 2107 argumenta
860 2051 896 2088 ex
919 2033 1099 2088 saeculorum
1116 2033 1238 2107 caligine
1254 2033 1291 2088 ad
1308 2033 1399 2090 lucem

227 2155 376 2197 revocata.
423 2141 569 2196 Persuasit
604 2140 718 2214 (pridem
755 2139 820 2196 mihi
857 2154 972 2216 poetam
1001 2141 1141 2196 comicum
1165 2141 1192 2194 in
1217 2158 1296 2196 usum
1319 2159 1399 2196 suum

227 2249 348 2304 vertisse
379 2247 479 2303 urbem
509 2247 609 2322 procul
635 2246 874 2321 investigandam,
912 2247 1059 2302 consilium
1088 2248 1114 2302 in
1138 2247 1232 2302 avium
1257 2261 1399 2304 conventu

226 2355 431 2429 quaerendum,
468 2355 612 2428 ingentem
649 2373 757 2409 murum
793 2353 831 2408 al)
867 2353 969 2409 avibus
1003 2352 1221 2422 aedificandum,
1258 2354 1311 2410 sed
1333 2355 1400 2430 quin

228 2461 300 2517 ultra
325 2479 430 2536 sequar
453 2460 635 2516 Zielinskium
660 2461 870 2535 discrepantiis,
907 2479 979 2534 quas
1003 2459 1121 2517 exhibet
1145 2460 1305 2530 comoedia,
1336 2480 1401 2538 pro-

229 2567 340 2624 hibeor.
399 2569 482 2636 Quae
519 2587 553 2623 ne
589 2569 679 2642 ipsum
715 2565 829 2640 quidem
865 2565 1036 2642 effugerunt,
1072 2568 1138 2642 quin
1167 2569 1252 2624 etiam
1281 2569 1400 2644 imputat

226 2689 332 2751 poetae
356 2677 468 2732 comico
496 2674 686 2730 aschreiende
703 2675 949 2748 lnconsequenzr3
974 2675 1070 2749 itaque
1086 2675 1182 2743 miror,
1207 2675 1285 2748 quod
1302 2675 1401 2731 nihilo·

228 2783 317 2838 minus
341 2802 369 2858 p.
393 2781 428 2836 18
455 2783 563 2858 pergit:
608 2781 673 2836 »Bis
699 2780 815 2836 hierher
839 2779 934 2836 haben
959 2782 1011 2836 wir
1035 2781 1081 2836 die
1098 2780 1239 2838 Komodie
1262 2782 1312 2837 mit
1336 2781 1400 2838 dem

228 2887 367 2944 Marchen
392 2888 570 2962 verglichen.
617 2887 672 2943 Die
690 2886 987 2961 Uebereinstimmung
1013 2888 1061 2943 hat
1085 2887 1146 2943 sich
1171 2887 1213 2943 als
1237 2888 1399 2944 hedeutenrl

225 3015 324 3070 genug
359 2996 509 3062 erwiesen,
546 3015 591 3050 urn
628 3013 679 3049 uns
711 2994 763 3049 das
787 2993 881 3050 Recht
910 3013 942 3050 zu
967 2993 1071 3068 gehen,
1109 3013 1164 3050 nun
1188 2994 1234 3050 die
1257 2995 1399 3051 Komodie

225 3123 279 3158 aus
303 3103 367 3158 dem
385 3101 525 3157 Marchen
550 3121 583 3156 zu
601 3099 847 3156 rekonstruiren«.
882 3101 926 3156 Ac
951 3101 1172 3177 discrepantiam
1197 3101 1339 3174 quandam
1364 3121 1400 3156 ne

227 3209 425 3284 neglegamus,
461 3228 537 3282 (prae
566 3227 583 3262 a
612 3207 765 3264 Zielinskio
796 3226 852 3264 nou
882 3223 1131 3276 commemoratur,
1167 3209 1218 3265 sed
1247 3229 1322 3284 quae
1346 3223 1398 3277 est,

225 3315 381 3372 dummodo
406 3317 568 3370 accuratius
592 3316 778 3382 examinetur,
815 3316 1001 3388 gravissima:
1039 3317 1065 3370 in
1093 3315 1277 3390 paramythio
1306 3317 1400 3389 agitur·

228 3423 263 3478 de
298 3441 343 3490 eo,
380 3423 427 3496 qui
462 3435 505 3476 est
541 3441 590 3476 rex
620 3423 714 3476 avium
741 3421 784 3477 vel
810 3440 990 3490 cancrorum,
1026 3422 1195 3478 comoediae
1218 3437 1313 3477 autem
1337 3440 1400 3498 per·

229 3548 361 3603 inagnum
398 3544 510 3605 partem
540 3529 636 3604 explet
666 3529 712 3584 illa
737 3524 823 3596 acti0,
860 3547 916 3602 qua
941 3528 1154 3584 Peisthetaerus
1178 3542 1207 3584 ut
1231 3547 1282 3584 rex
1305 3530 1399 3584 avium

228 3635 276 3692 fiat
300 3638 375 3691 omni
401 3633 531 3692 adhibita
557 3637 739 3692 contentione
763 3637 886 3696 enititur,
934 3635 1006 3703 Quis
1030 3655 1066 3691 ex
1089 3635 1157 3690 solis
1182 3635 1348 3710 fragmentis
1373 3635 1399 3690 irl

228 3743 348 3798 voluerit
384 3743 501 3798 eruere?
551 3742 651 3798 Altero
688 3761 758 3799 vero
794 3741 859 3798 loco
894 3760 1076 3816 quaeramus,
1113 3762 1177 3797 num
1206 3761 1238 3798 re
1267 3761 1335 3798 vera
1364 3761 1399 3799 ea

226 3849 379 3904 comoedia
415 3849 489 3904 adeo
520 3849 734 3925 impugnatione
764 3849 866 3904 civium
894 3861 922 3904 et
951 3850 992 3904 rei
1016 3847 1149 3924 publicae
1173 3850 1208 3904 sit
1232 3867 1334 3919 vacua,
1371 3863 1400 3904 ut

224 3969 295 4030 apte
331 3973 393 4011 eam
423 3975 439 4010 a
470 3954 620 4011 comoedia
651 3955 766 4032 politica
799 3954 921 4010 funditus
953 3953 1068 4011 differre
1097 3968 1125 4010 et
1148 3973 1213 4010 esse
1236 3956 1299 4029 quis
1323 3955 1400 4011 dicat

301 4179 320 4246 ¹)
339 4185 371 4233 cl.
393 4186 527 4247 Behaghel,
553 4185 705 4234 Gcschichte
730 4187 775 4233 der
793 4185 953 4246 hullassung
977 4186 1021 4234 der
1040 4184 1120 4246 thel
1140 4185 1186 4232 des
1206 4185 1398 4246 Aristophanes.

1191 4273 1238 4322 12*
