3270 4684
671 681 886 735 „33--

182 839 250 895 diae
269 839 502 915 Aristophaneae
526 852 625 915 partes
649 839 793 909 choricas‚
818 839 984 915 parabasim
1009 854 1037 896 et
1060 841 1193 914 exodum,
1219 843 1246 897 in
1267 857 1360 898 vetus-

181 957 273 1002 tatem
297 965 388 1014 sunm,
417 965 453 1002 ex
477 965 534 1021 qua
559 945 692 1001 Zielinski
717 965 768 1002 eas
792 945 917 1003 deiicere
941 960 1061 1003 conatus
1085 960 1138 1017 est,
1168 949 1360 1006 restituendas

181 1071 249 1108 esse
273 1052 407 1110 arbitrer.

275 1159 332 1228 Qui
367 1161 411 1214 vir
446 1159 625 1216 doctissimus
653 1161 680 1214 in
709 1159 792 1229 libro,
822 1161 869 1234 qui
895 1159 1058 1216 inscribitur
1084 1161 1157 1218 »Die
1181 1161 1359 1238 Gliederung

182 1265 237 1322 der
273 1266 456 1322 altattischen
492 1266 670 1336 Komddie«‚
707 1264 835 1342 probare
871 1281 1007 1322 comatur
1042 1267 1209 1325 comoediae
1245 1271 1359 1346 priscae

152 1434 157 1440 ,
183 1375 308 1448 vestigia
333 1374 451 1428 inveniri
475 1375 502 1428 in
527 1387 610 1449 parte
634 1387 700 1428 ante
724 1372 891 1450 parabasirn
915 1375 1018 1450 posita,
1050 1377 1207 1452 praecipue
1234 1395 1357 1451 agonem

181 1497 269 1554 quern
299 1480 367 1537 dicit
397 1481 566 1538 comoediae
589 1481 716 1556 stirpem,
742 1479 908 1556 parabasim
932 1499 1003 1537 vero
1026 1480 1065 1537 ab
1089 1482 1168 1538 initio
1191 1481 1277 1539 luisse
1300 1483 1360 1559 epi-

182 1585 292 1660 logrun.
339 1587 440 1662 Neque
464 1587 574 1656 desunt,
599 1607 672 1662 quos
695 1589 884 1644 assentientes
909 1587 1049 1648 habuerit.
1097 1585 1157 1645 Sed
1181 1591 1358 1646 aversariurn

182 1707 286 1749 nactus
310 1708 353 1750 est
378 1693 548 1760 Kaibelium‚
574 1695 620 1768 qui
645 1713 728 1750 unam
752 1693 985 1750 observationem
1003 1695 1056 1750 illis
1071 1697 1208 1772 opposuit
1223 1695 1359 1770 (Hermes

181 1799 293 1870 XXIV,
330 1822 358 1877 p.
390 1800 428 1874 38
450 1805 517 1876 sip),
554 1821 610 1875 qua
646 1801 840 1877 epirrhemata
875 1803 1006 1878 scoptica
1041 1804 1069 1857 in
1097 1802 1189 1858 locum
1225 1803 1258 1858 iis
1294 1822 1359 1879 pro-

181 1909 277 1984 prium
311 1909 442 1964 restituit.
500 1907 620 1964 Duabus
656 1909 691 1964 de
727 1909 821 1964 causis
855 1908 989 1964 Zielinski
1024 1909 1130 1985 epilogi
1166 1925 1295 1965 naturam
1330 1911 1358 1965 in

181 2013 322 2090 parabasi
359 2015 579 2090 deprehendere
613 2014 668 2070 sibi
697 2017 774 2070 visus
802 2031 845 2070 est
868 2035 987 2090 quamm
1012 2017 1138 2092 priorem
1162 2016 1238 2072 illam
1262 2015 1356 2082 affert.

180 2120 263 2195 quod
287 2120 444 2178 choreutae
468 2137 496 2178 et
520 2136 607 2198 poeta
631 2136 813 2198 spectatores
836 2121 1026 2196 alloquuntur,
1052 2122 1172 2178 alteram
1196 2122 1272 2197 quod
1290 2123 1357 2179 cho·

180 2241 285 2283 reutae
307 2247 509 2303 nonnunquam
532 2229 702 2284 vestimenta
726 2247 791 2284 sese
815 2229 962 2306 deponere
986 2227 1136 2301 (ἀποδῦναι)
1162 2229 1267 2286 dicunt.

273 2334 337 2409 Jam
361 2348 391 2390 ut
413 2335 562 2391 videamus
586 2334 653 2390 illud
676 2335 754 2410 quod
778 2349 883 2411 poetae
907 2337 985 2391 initio
1009 2334 1162 2412 parabasis
1187 2336 1223 2392 de
1246 2355 1278 2392 se
1294 2355 1357 2392 sua-

179 2461 239 2516 que
276 2441 445 2498 condicione
481 2442 557 2517 loqui
592 2442 706 2510 audent,
745 2443 770 2498 id
808 2443 884 2498 haud
920 2444 958 2498 ita
986 2444 1130 2518 antiquum
1160 2443 1216 2500 hoc
1240 2443 1306 2500 loco
1329 2461 1357 2500 et

180 2569 198 2602 a
225 2547 362 2624 parabasi
387 2549 519 2625 originali
543 2550 663 2606 alienum
689 2550 756 2606 mihi
773 2550 893 2610 videtur.
931 2551 961 2604 ln
977 2550 1055 2606 Pace
1070 2569 1098 2606 V.
1119 2566 1180 2624 734
1198 2569 1242 2625 sq.
1259 2549 1357 2606 verbis

309 2659 374 2726 χρῆν
391 2658 441 2727 μὲν
458 2661 562 2711 τὺπτειν
580 2658 638 2713 τοὺς
655 2655 814 2726 ῥαβδοίχουτ
831 2657 858 2710 εἴ
871 2678 910 2713 τις
928 2657 1146 2726 κωμῳδοποιητὴς

309 2765 387 2816 αὑτὸν
406 2765 493 2836 ἐπῄνει
504 2769 568 2836 πρὸς
580 2765 610 2817 τὸ
628 2767 743 2834 θέατρον
760 2767 882 2833 παραβὰς
900 2763 927 2816 ἓν
945 2765 999 2819 τοῖς
1018 2763 1189 2820 ἀναπαίστοις

184 2869 398 2946 Aristophanes
432 2889 463 2926 se
487 2871 546 2926 vitii
573 2870 627 2927 sibi
655 2871 800 2926 conscium
824 2889 889 2926 esse
912 2869 1063 2945 significat,
1100 2889 1192 2944 neque
1216 2872 1306 2926 rninus
1329 2871 1356 2925 in

183 2977 423 3034 Acharncnsibus
447 2997 474 3032 v.
493 2976 555 3032 628
573 2995 637 3052 sqq.
666 2978 748 3051 quasi
764 2996 819 3053 pro
843 2977 948 3033 delicto
972 2997 1025 3034 suo
1047 2977 1140 3033 verba
1164 2992 1249 3034 antea
1274 2975 1353 3033 lacit:

307 3085 350 3148 Ἐξ
369 3082 426 3155 οἶγε
445 3085 560 3156 χοροῖσιν
579 3084 715 3153 ἐφέστηκεν
733 3087 861 3154 τρυγικοῖς
880 3086 893 3136 ir
912 3083 1067 3140 διδάσκαλος
1083 3085 1166 3154 ἡμῶν,

309 3191 379 3244 οἵπω
397 3194 498 3262 παρέβη
516 3193 580 3260 πρὸς
598 3193 627 3243 1τὺ
644 3193 767 3260 θέατρον,
788 3190 868 3254 λέξων
886 3192 920 3248 ὡς
938 3189 1020 3254 δεξιὸς
1039 3191 1119 3244 ἐστιν·

309 3297 514 3368 διαβαλλόμενος
533 3297 606 3351 ‹lini›
624 3299 676 3351 τῶν
694 3297 798 3368 ἐχθρῶν
816 3299 844 3350 ἐν
860 3299 1011 3364 Ἀθηναίοις
1027 3297 1201 3367 ταχυβούλοις,

308 3409 341 3462 ὡς
359 3403 479 3472 κωμῳδεῖ
493 3407 541 3459 τὶν
558 3404 636 3458 πόλιν
652 3406 726 3472 ἡμῶν
743 3413 789 3458 καὶ
806 3407 852 3458 τὸν
870 3403 954 3474 ὃῗμον
971 3407 1132 3474 καθυβρίζει,

308 3511 497 3582 ἀποκρίνεσθαι
516 3511 598 3566 δεῖται
617 3519 673 3564 νυνὶ
691 3515 755 3582 πρὸς
771 3513 926 3579 Ἀθηναίους
943 3511 1123 3582 μεταβούλους.

274 3620 426 3676 Certamen
451 3619 589 3674 cornicum
615 3619 767 3674 institutum
792 3619 941 3674 terminum
966 3620 994 3674 in
1016 3617 1164 3688 sehabet,
1189 3631 1256 3694 post
1271 3637 1354 3692 quem

181 3741 288 3804 poetas
321 3740 378 3782 tarn
414 3726 533 3800 copiose
568 3725 605 3780 de
639 3706 684 3780 5ο
705 3744 814 3800 suaque
843 3726 924 3802 poesi
952 3726 1028 3800 loqui
1054 3727 1140 3781 moris
1164 3743 1229 3780 esse
1253 3726 1353 3800 potuit.

180 3833 243 3891 Sed
268 3833 358 3888 altera
382 3831 535 3906 quaedam,
560 3833 587 3887 ni
612 3831 704 3902 fallor,
730 3831 911 3908 respicienda
935 3832 1019 3888 nobis
1043 3845 1087 3888 est
1111 3851 1208 3901 causa,
1233 3851 1290 3907 qua
1306 3831 1355 3887 ad-

181 3942 260 3998 ducti
296 3941 396 3997 cornici
432 3953 537 4014 poetae
572 3938 738 4013 loquacitati
765 3954 863 3996 tantae
892 3939 1089 4015 indulgebant.
1141 3939 1355 4013 Qualiscunque

179 4049 258 4105 enim
287 4048 444 4123 proagonis
473 4045 609 4100 institutio
633 4045 692 4115 luit,
721 4079 758 4087 —
785 4047 811 4102 in
836 4047 1037 4104 Oehmichenii
1060 4047 1230 4103 sententiam
1253 4046 1353 4119 (Bayr.

179 4154 281 4212 Altad.
311 4153 404 4228 1889,
430 4153 461 4208 Β.
480 4153 513 4220 ΙΙ,
538 4172 568 4228 ρ.
591 4169 648 4226 103
666 4157 745 4228 sqq.)
773 4173 810 4208 an
839 4155 916 4210 multi
944 4155 1008 4210 ituri
1035 4156 1090 4209 sint
1118 4155 1217 4210 nescio
1248 4185 1297 4222 -‚
1327 4152 1354 4207 id

180 4277 263 4320 certe
286 4281 323 4317 ex
346 4261 416 4316 locis
439 4258 532 4316 schol.
551 4258 658 4314 Aesch.
677 4259 755 4317 Ctes.
775 4259 814 4334 67
837 4275 865 4318 et
881 4261 973 4318 schol.
992 4259 1141 4338 Aristoph.
1160 4259 1249 4336 Vesp.
1273 4277 1353 4334 1109

179 4385 211 4427 et
234 4371 307 4426 Plat.
333 4367 469 4444 Sympos.
501 4383 569 4441 194,
601 4369 694 4425 elucet
723 4371 817 4444 poetis
844 4371 963 4444 tragicis
987 4384 1068 4425 extra
1092 4369 1184 4444 ipsum
1208 4381 1354 4425 certamen

1161 4473 1176 4522 3
