3270 4684
664 543 876 598 *25*

172 723 250 778 quae
275 705 388 760 iamiam
413 693 592 772 inducuntur,
617 703 786 778 perstringit
807 703 914 770 irridet,
940 715 1087 777 postremo
1104 703 1272 778 plerumque
1288 721 1351 758 ver·

173 809 293 866 beribus
329 811 455 887 expellit.
514 810 598 879 Quae
635 810 796 866 instituendi
824 827 941 865 scenam
971 810 1045 864 ratio
1070 808 1150 865 hisce
1174 811 1300 865 occurrit
1324 810 1350 864 in

171 917 314 992 partibus.
353 919 382 972 ln
400 914 639 973 Acharnensibus
664 915 726 972 loro
751 915 942 973 determinato
958 935 974 971 a
992 915 1203 991 Dicaeopolide
1227 915 1350 972 ludibrio

174 1023 318 1082 habentur
354 1043 381 1085 v.
421 1023 593 1100 719—835
633 1023 823 1098 MegarensiS,
861 1021 1034 1097 860-958
1071 1023 1183 1079 institor
1212 1024 1349 1092 Boeotus,

178 1129 394 1204 1018—-1036
420 1129 560 1205 agricola,
592 1129 806 1201 1048-1068
832 1129 1067 1206 paranymphus,
1093 1131 1119 1185 in
1143 1131 1221 1185 Pace
1242 1149 1259 1186 a
1275 1129 1351 1202 Try-

171 1256 250 1312 gaeo
274 1238 443 1294 vellicentur
464 1255 500 1292 10
506 1254 606 1310 52—1
620 1254 677 1292 122
698 1236 848 1292 Hierocles
866 1249 961 1308 vates,
992 1254 1068 1310 1191
1079 1255 1135 1291 —1
1145 1255 1207 1309 310
1225 1236 1348 1304 falcium,

172 1346 335 1414 cristarum,
360 1345 520 1414 thoracum,
546 1343 679 1400 tubarum
697 1343 897 1413 fabricatores,
923 1361 995 1419 puer
1010 1343 1162 1411 Lamachi,
1180 1363 1252 1419 puer
1268 1343 1351 1400 Cleo·

173 1451 265 1524 nymi;
292 1452 319 1506 in
344 1450 456 1508 Avibus
479 1470 496 1504 a
512 1451 713 1506 Peisthetaero
738 1451 891 1506 irridentur
915 1469 1110 1526 903—1057
1133 1464 1231 1526 poeta,
1256 1463 1349 1519 rates,

175 1558 282 1626 Meton,
312 1559 477 1634 episcopus,
508 1555 668 1612 tabularum
694 1557 840 1623 venditor3
882 1555 1097 1631 1337—1469
1121 1557 1277 1632 parricida,
1306 1555 1351 1612 Ci-

173 1665 269 1720 nesias
298 1663 547 1738 dithyramborum
577 1679 674 1739 poeta,
712 1664 905 1741 sycophanta.
947 1665 977 1718 ln
1001 1664 1083 1719 Pluto
1113 1665 1187 1720 ratio
1212 1665 1257 1719 illa
1282 1683 1351 1739 quo-

174 1770 330 1827 dammodo
355 1771 500 1827 immutata
525 1769 689 1840 adhibetur,
719 1771 785 1845 quia
817 1773 844 1826 in
872 1785 1043 1843 argumento
1067 1769 1270 1846 amplificando
1294 1789 1351 1826 non

172 1877 211 1934 ad
248 1878 477 1953 protagonistam
515 1897 597 1933 unum
633 1890 719 1952 atque
754 1877 845 1932 solum
882 1895 975 1933 rerum
1000 1877 1218 1946 administrati0,
1254 1890 1284 1933 ut
1312 1879 1351 1933 ita

173 1984 278 2052 dicam,
305 1983 447 2048 desertur;
475 1983 647 2059 802-—958
674 1985 710 2038 ad
728 1984 881 2040 Curionem
906 1983 1075 2039 inducuntur
1099 1985 1187 2040 homo
1210 1985 1299 2040 iustus
1322 1997 1351 2039 et

172 2092 367 2167 sycophanta,
394 2091 591 2166 959—1096
624 2110 695 2146 vero
719 2112 735 2146 a
760 2090 918 2164 Chremylo
941 2109 1013 2146 anus
1037 2111 1099 2146 cum
1124 2090 1349 2157 adulescentulo,

179 2217 287 2273 [097μ
314 2215 394 2269 1170
420 2219 435 2253 a
461 2198 586 2255 Carione
612 2199 743 2264 Hermes,
775 2215 987 2270 1171—1207
1018 2197 1159 2254 sacerdos
1187 2210 1215 2253 et
1239 2217 1310 2253 anus
1333 2218 1350 2252 a

173 2304 333 2380 Chremylo
357 2307 597 2382 perstringuntur.
647 2305 676 2360 ln
700 2305 965 2360 Ecclesiazusarum
990 2305 1082 2360 altera
1106 2317 1190 2380 parte
1213 2318 1351 2380 protago-

176 2412 251 2468 nista
276 2431 395 2488 prorsus
420 2411 506 2467 abest
528 2431 545 2466 a
570 2431 657 2467 scena
682 2411 731 2482 (cs.
757 2411 869 2466 'l‘extor
893 2412 910 2466 Ι.
929 2431 954 2466 c.
980 2431 1008 2486 p.
1029 2407 1091 2486 29).

263 2519 325 2593 Jam
351 2519 548 2594 quaestionem
573 2516 782 2584 subdillicilem,
807 2537 892 2593 quam
919 2518 954 2573 de
973 2517 1176 2593 Aristophanis
1200 2531 1263 2574 arte
1287 2519 1351 2575 dra-

173 2627 279 2680 matica
297 2626 503 2695 inchoavimus»,
521 2625 691 2681 recentioris
708 2624 876 2680 comoediae
893 2625 1042 2700 popularis
1058 2625 1197 2700 exenrplis
1209 2625 1351 2682 illustrare

173 2744 339 2801 conaturus,
377 2749 481 2788 vereor
509 2751 544 2787 ne
573 2733 617 2787 cui
647 2732 712 2787 vilia
742 2732 807 2787 altis
832 2732 953 2787 miscere
977 2730 1087 2787 videar.
1138 2731 1255 2787 Veniam
1281 2751 1350 2789 vero

173 2840 200 2894 ei
237 2839 338 2894 rationi
375 2859 463 2914 spero
499 2859 543 2894 me
579 2839 795 2914 impetraturum
831 2858 896 2894 esse
924 2838 963 2894 ah
993 2839 1034 2904 iis,
1072 2839 1170 2912 quiin
1196 2838 1351 2896 lectitando

175 2946 373 3021 Aristophane
408 2944 622 3020 quodammodo
664 2946 750 3001 tacite
786 2945 907 3001 eandem
943 2947 1083 3000 rationem
1120 2946 1241 3020 ingressi
1276 2961 1349 3002 sunt.

174 3051 291 3108 Certum
326 3053 399 3108 enim
436 3052 503 3107 illud
538 3051 707 3107 comoediae
744 3051 885 3107 humiliter
914 3053 1047 3108 iocularis
1075 3066 1120 3108 est
1143 3071 1234 3127 genus
1258 3072 1351 3128 neque

174 3173 302 3214 nostrum
323 3160 464 3232 cuiquam,
490 3179 553 3214 cum
572 3160 598 3214 in
615 3158 744 3215 tabernis
759 3178 922 3216 scurrarum
940 3161 1185 3236 peregrinantium
1202 3175 1350 3235 peractum

174 3265 312 3334 videmus
340 3265 428 3320 habet
451 3265 528 3340 quod
553 3266 685 3322 videatur
708 3266 839 3322 alienum.
873 3269 945 3322 Nam
969 3267 1037 3341 quid
1061 3267 1153 3322 tritius
1174 3281 1202 3322 et
1219 3287 1236 3321 a
1252 3268 1349 3342 pueris

173 3374 255 3447 quasi
283 3372 412 3428 usitatius
440 3371 524 3428 nohis
552 3389 605 3443 est,
641 3393 727 3447 <ruam
752 3373 798 3428 illa
823 3373 931 3430 ludicra
955 3391 1031 3448 (tuae
1055 3385 1196 3429 vocantur
1229 3374 1349 3430 »Harle-

175 3477 312 3546 kinader,
339 3479 627 3548 »Hanswurstiade«,
647 3481 843 3535 recentissima
860 3493 957 3536 aetate
979 3479 1225 3555 »Casperliadeui
1250 3482 1350 3536 Nonne

175 3589 202 3644 in
227 3587 259 3642 iis
282 3587 449 3661 spectandis
474 3587 520 3642 vel
543 3587 665 3661 agendis
686 3587 856 3663 saepissime
873 3587 918 3643 illa
937 3588 999 3663 ipsa
1017 3587 1208 3663 componendi
1225 3585 1349 3644 fabulam

174 3693 286 3750 ratione
311 3694 444 3750 delectati
469 3695 583 3750 sumus?

265 3797 296 3855 Si
331 3801 395 3875 quis
430 3799 561 3876 partibus
597 3800 650 3856 illis
680 3801 892 3857 comoediarum
919 3801 1132 3876 Aristophanis,
1168 3819 1240 3875 quas
1263 3819 1350 3876 supra

175 3908 345 3976 notavimus,
383 3926 419 3963 ex
454 3906 574 3962 aliarum
609 3909 735 3982 gentium
772 3907 854 3983 poesi
891 3907 1039 3963 humiliore
1069 3908 1180 3962 comica
1209 3908 1350 3964 luculenta

175 4013 300 4088 analoga
324 4013 431 4070 afferre
455 4014 523 4083 uult,
549 4014 726 4090 perlustrare
751 4015 859 4090 primos
883 4033 947 4070 eum
971 4026 1088 4090 oportet
1113 4014 1175 4069 illos
1199 4014 1298 4075 libros.
1324 4016 1350 4070 in

173 4139 247 4195 quos
272 4120 405 4176 Italorum
441 4121 600 4176 commedia
638 4121 703 4177 dell'
734 4134 796 4178 arte
826 4140 911 4195 quam
943 4121 1040 4176 dicunt
1063 4122 1161 4196 primis
1185 4121 1351 4178 rudimentis

174 4227 271 4304 paullo
307 4226 423 4303 politior
458 4228 562 4282 collata
599 4241 652 4282 cst.
702 4229 830 4296 Quorum
861 4229 886 4282 in
918 4246 1036 4284 numero
1066 4241 1109 4284 est
1132 4227 1206 4284 liber
1230 4229 1349 4296 Quadrii
