3270 4684
709 449 922 522 -36...

222 643 252 684 ut
274 647 338 685 eam
364 629 419 685 levi
444 643 587 684 momento
611 630 804 698 aestimarent,
830 629 908 683 cuius
932 629 973 684 rei
997 642 1196 702 argumentum
1218 627 1346 683 ducimus
1361 645 1406 694 ex-

223 737 314 812 prima
339 736 484 791 Ranarum
502 735 657 810 hypothesi
674 736 774 810 inqua
792 734 864 790 haec
881 734 1071 790 adnotantur:
1100 729 1173 788 Ollio
1192 731 1220 787 «tt
1233 733 1401 803 ἐθαυμάσθη.

223 844 251 895 τὸ
275 840 363 910 δρᾶμα
391 841 435 894 διὰ
461 845 508 908 τὴν
536 841 563 894 ἐν
586 841 655 909 uiro}
683 844 834 912 παράβασιν
857 837 922 896 ὥστε
945 849 990 895 καὶ
1010 839 1179 910 ἇνεδιδάχθη,
1203 835 1239 897 o‘it
1257 861 1336 910 φησιν
1355 845 1397 894 Aa·

222 950 353 1019 ναίαρχοι.
400 948 484 1016 Quae
507 947 599 1004 verba
624 967 679 1004 non
704 948 790 1003 morlo
815 949 853 1004 ita
878 948 1092 1025 interpretanda
1116 961 1189 1018 sunt,
1214 948 1306 1023 quasi,
1331 948 1396 1022 quia

223 1053 376 1131 parabasis
410 1074 445 1111 ea
481 1056 541 1111 sine
577 1053 664 1110 dubio
692 1055 849 1131 praecipue
880 1054 1002 1131 pulchra
1026 1069 1079 1120 est,
1118 1055 1310 1111 Athenienses
1333 1072 1396 1110 eam

223 1161 403 1218 comoediam
427 1161 620 1230 adamassem,
652 1195 686 1202 -
714 1163 769 1216 iam
787 1163 814 1217 in
832 1161 997 1238 hypothesi,
1022 1181 1097 1236 «tuae
1114 1161 1248 1217 'l‘homae
1267 1161 1396 1234 Magistri

224 1267 321 1338 fertur,
346 1268 473 1325 additur:
502 1269 567 1321 καθ’
592 1289 623 1333 ην
643 1271 815 1338 (παράβασιν)
842 1268 989 1322 διαλλάττει
1012 1270 1069 1324 roi-t
1092 1267 1208 1336 ἐντίμους
1226 1271 1279 1324 τοῖς
1298 1267 1404 1336 ἀτίμοις·

223 1381 267 1428 καὶ
290 1378 347 1432 wit
365 1374 474 1432 πολίτας
498 1376 549 1432 tois
568 1377 681 1444 φυγάσιν
700 1405 749 1444 -,
775 1374 826 1430 sed
852 1374 942 1430 verba
967 1373 1010 1428 διὰ
1034 1377 1080 1440 τὴν
1104 1375 1132 1426 ἐν
1155 1375 1224 1440 nint?
1247 1377 1399 1444 παράβασιν

224 1484 308 1538 etiam
344 1501 407 1538 eum
443 1483 469 1536 in
505 1501 537 1537 se
559 1501 684 1538 sensum
717 1480 840 1537 habent:
877 1483 943 1556 quia
978 1483 1094 1537 omuino
1126 1479 1279 1556 parabasis
1308 1481 1334 1535 in
1362 1497 1397 1535 ea

224 1589 374 1646 comoedia
399 1590 499 1645 inerat.
533 1588 754 1664 Aristophanen,
781 1607 844 1644 cum
869 1589 896 1644 in
920 1589 1157 1664 depravationem
1182 1587 1252 1643 artis
1268 1587 1398 1662 tragicae

225 1695 418 1771 increpitaret,
443 1695 518 1752 idem
543 1696 571 1751 in
594 1695 745 1751 comoedia
770 1714 821 1751 sua
846 1695 882 1750 ad
908 1695 982 1750 illum
1007 1695 1151 1768 antiquum
1176 1713 1255 1750 usum
1281 1693 1398 1749 revertit

224 1805 321 1875 χρηστὰ
339 1805 370 1876 τῇ
389 1802 460 1856 πόλει
481 1805 670 1874 σνμπαραινιῖν
688 1809 733 1855 ναὶ
751 1800 890 1864 διδάσκειν,
919 1821 1004 1876 quem
1033 1802 1071 1856 ita
1099 1819 1131 1856 se
1160 1801 1320 1856 instaurare
1343 1799 1400 1856 sibi

225 1909 358 1964 conscius
394 1909 453 1977 luit,
488 1921 518 1963 ut
553 1905 720 1984 parabasim
748 1907 904 1976 scriberet,
941 1927 1026 1982 quam
1056 1907 1249 1963 Athenienses
1285 1907 1396 1961 iamiam

225 2015 392 2071 desiderare
415 2027 583 2092 coeperant.
632 2015 746 2070 Atticae
770 2015 854 2084 enim,
875 2015 1044 2087 Dionysiae,
1069 2014 1206 2070 choricae
1230 2012 1402 2070 comoediae-

227 2123 346 2178 maxime
370 2122 518 2198 propriam
542 2139 607 2177 esse
631 2120 797 2196 parabasim
822 2139 886 2176 cum
910 2120 964 2176 illis
984 2137 1152 2196 persuasum
1170 2133 1256 2186 esset,
1282 2133 1396 2196 poetam

225 2248 335 2284 summo
371 2228 481 2286 honore
516 2226 684 2283 affecerunt.
737 2229 780 2284 Ne
815 2246 868 2283 nos
896 2225 1063 2304 parabasim
1092 2245 1128 2282 ex
1157 2227 1222 2282 loco
1250 2243 1303 2280 suo
1332 2226 1398 2282 deii-

226 2337 344 2392 ciamus.

317 2442 381 2498 Vox
404 2459 475 2497 vero
498 2445 672 2512 παραβαίνειν
691 2442 753 2518 ipsa
779 2441 846 2498 mihi
870 2441 1056 2510 manifestior,
1081 2455 1111 2496 ut
1137 2443 1174 2497 ita
1191 2442 1295 2509 dicam,
1322 2441 1395 2497 facta

225 2563 270 2604 est
306 2549 353 2618 iis,
389 2567 464 2622 quae
490 2547 663 2624 Duerpseldt
697 2549 747 2620 (A.
774 2548 903 2616 Mueller,
941 2548 1228 2605 Btihnenaltertitmer
1264 2568 1292 2624 p.
1324 2551 1398 2620 415‘1

226 2669 255 2712 et
287 2653 478 2712 Wilamowitz
513 2651 648 2733 (Hermes
683 2655 763 2724 XXI,
800 2675 828 2730 p.
861 2652 936 2730 597)
973 2653 1009 2710 (le
1037 2655 1152 2710 theatro
1182 2655 1323 2728 Dionysio
1351 2673 1397 2710 ex·

227 2775 392 2838 posuerunt.
435 2763 617 2830 Παραβαίνειν
641 2779 698 2816 vox
726 2759 870 2836 significat
898 2760 1028 2830 chorum,
1059 2775 1210 2836 postquam
1235 2763 1261 2816 in
1286 2761 1398 2838 parudo

227 2868 375 2925 actoribus
398 2868 539 2922 immixtus
562 2879 661 2942 partes
685 2885 752 2922 suas
776 2867 844 2942 egit,
871 2867 984 2922 iamiam
1010 2868 1036 2922 in
1060 2868 1240 2924 orchestram
1265 2869 1397 2932 transire,

227 2989 256 3030 ut
279 2977 426 3052 proprium
450 2991 519 3028 suae
544 2973 615 3028 artis
643 2975 789 3049 specimen
813 2973 862 3029 det
885 2987 914 3030 et
937 2973 1090 3030 vellicandi
1114 2987 1296 3050 spectatores
1319 2993 1398 3030 usum

226 3095 371 3139 exerceat.
432 3080 505 3135 Hinc
541 3080 640 3136 melius
674 3079 863 3154 intelligemus
898 3081 991 3136 schol.
1029 3081 1178 3156 Aristoph.
1216 3081 1289 3156 Equ.
1321 3082 1396 3154 508:

227 3189 326 3258 λέγεται
345 3187 372 3240 δὲ
391 3190 538 3256 παράβασις
555 3186 612 3253 ἤτοι
631 3185 719 3252 ἐπειδὴ
737 3187 851 3248 dafnei
871 3189 914 3252 τῆς
933 3187 1013 3254 ἄλλης
1024 3188 1173 3244 ὑποθέσεως
1185 3188 1201 3254 ἢ
1215 3187 1302 3256 ἐπειδὴ
1313 3211 1398 3260 παρα-

227 3299 312 3364 βαίνει
329 3297 343 3346 ὸ
362 3297 435 3362 χορὸς
455 3297 497 3346 τὸν
516 3297 603 3346 τόπον.
632 3296 736 3345 ‘Borrine
754 3295 803 3362 μὲν
821 3297 872 3364 γὰρ
890 3297 957 3347 κατὰ
976 3297 1085 3361 στοῖχον,
1107 3298 1170 3365 πρὸς
1189 3297 1235 3362 τὴν
1255 3297 1399 3368 ὀρχήστραν

227 3401 429 3470 ἀποβλέποντες·
455 3397 519 3454 ὅταν
543 3399 570 3452 δὲ
588 3403 750 3469 παραρῶσιν,
771 3398 862 3468 ἐφεξῆς
880 3402 985 3458 ἑστῶτες
1004 3409 1047 3454 καὶ
1066 3404 1130 3470 πρὸς
1149 3405 1206 3458 τοὺς
1225 3405 1325 3459 θεατὰς
1343 3403 1399 3472 βλέ-

227 3527 317 3564 ποντες
344 3509 389 3560 τὸν
416 3506 492 3576 λόγον
519 3507 662 3559 ποιοῦνται.
704 3506 775 3561 Post
809 3506 900 3562 verba
932 3511 997 3580 πρὸς
1022 3510 1067 3576 τὴν
1090 3509 1235 3580 ὀρχήστραν
1270 3509 1398 3574 Mueller,

227 3613 525 3674 (Bithnenaltertt'tmer
546 3633 574 3689 p.
595 3629 655 3684 214
681 3614 748 3670 adn.
767 3615 797 3688 3)
821 3615 901 3670 addit
921 3614 1035 3689 »gleich
1059 3616 1199 3684 λαγιῐονα.
1233 3616 1272 3670 At
1288 3617 1399 3672 minime

229 3722 283 3775 iarn
307 3739 343 3776 ea
366 3737 439 3796 opus
462 3733 506 3774 est
530 3721 709 3788 coniectura;
735 3722 841 3778 chorus
865 3722 938 3777 enim
956 3737 1022 3777 ante
1039 3723 1205 3798 parabasim
1228 3725 1253 3776 in
1271 3737 1398 3778 actorum

228 3847 315 3883 scena
344 3841 476 3882 versatus
504 3827 542 3882 ad
566 3827 745 3883 orchestram
771 3847 802 3884 re
827 3847 897 3883 vera
921 3841 1044 3904 spectat,
1081 3829 1226 3903 utriusque
1250 3827 1399 3884 confinium

229 3935 340 3989 iamiam
365 3935 543 3990 transiturus.
577 3935 631 3990 llic
648 3935 732 4010 igitur
748 3934 828 3990 locus
845 3935 897 3990 illis
914 3935 1146 3992 adnumerandus
1162 3949 1205 3991 est
1222 3937 1398 4000 testimoniis,

229 4059 265 4095 ex
299 4037 402 4114 quibus
437 4041 532 4116 colligi
561 4056 657 4118 potest
683 4041 885 4118 Aristophanis
909 4041 1087 4118 temporibus
1111 4043 1226 4118 logeion
1250 4043 1333 4098 altius
1356 4063 1400 4098 or-

229 4147 344 4202 chestra
376 4167 431 4204 non
457 4147 542 4204 fuisse
566 4163 749 4204 exstructum.
794 4149 858 4205 Vox
883 4169 953 4206 vero
977 4153 1151 4218 παραβαίνειν
1175 4151 1207 4204 iis
1224 4149 1400 4224 temporibus
