3270 4684
652 1023 847 1127 Vita.

256 1369 382 1425 Mathias
416 1369 561 1445 Josephus
595 1368 805 1444 Poppelreuter
839 1381 922 1424 natus
956 1385 1017 1424 sum
1053 1367 1100 1424 die
1135 1369 1202 1423 XX.
1234 1368 1339 1424 mensis

169 1477 290 1552 Augusti
318 1495 345 1532 a.
372 1475 400 1531 h.
425 1494 449 1531 s.
478 1473 587 1531 LXVII
615 1489 699 1551 patre
729 1474 864 1542 Antonio,
901 1488 992 1530 matre
1020 1474 1178 1530 Catharina
1207 1493 1224 1532 e
1251 1487 1339 1550 geute

169 1581 347 1640 Hallerbach
372 1583 399 1638 in
415 1599 508 1658 parvo
524 1582 693 1659 provinciae
709 1581 869 1638 Rhenanae
885 1582 960 1651 vico,
985 1581 1030 1637 cui
1046 1599 1149 1637 nomen
1166 1596 1210 1638 est
1228 1581 1338 1644 Laach,

168 1689 274 1763 quique
297 1689 368 1745 situs
392 1703 435 1745 est
459 1707 552 1765 prope
576 1688 728 1745 Altenahr.
778 1688 875 1744 Fidem
899 1686 1039 1764 profiteor
1062 1687 1245 1749 catholicam.

257 1796 420 1852 Literarum
444 1796 591 1852 elementis
615 1793 738 1852 imbutus
761 1814 822 1850 sum
844 1795 870 1850 in
887 1795 988 1851 schola
1005 1795 1165 1870 parochiali
1181 1795 1341 1851 Maischos·

169 1903 255 1972 sensi,
286 1901 396 1959 artibus
427 1901 594 1959 liberalibus
625 1902 777 1958 instructus
805 1920 866 1957 sum
890 1900 928 1958 ab
952 1901 1067 1976 optimis
1090 1900 1340 1976 praeceptoribus,

169 2027 291 2083 quorum
315 2009 480 2065 memoriam
509 2027 624 2086 semper
653 2009 702 2083 pio
732 2007 825 2064 colam
849 2009 954 2078 animo,
990 2009 1017 2064 in
1041 2010 1194 2084 gymnasio
1218 2008 1343 2064 Frider.-

169 2115 246 2172 Guil.
272 2116 446 2186 Coloniensi,
478 2115 556 2190 quod
579 2115 706 2192 Jaegero
737 2116 881 2172 directore
908 2115 1004 2171 adhuc
1032 2115 1124 2172 floret.
1173 2113 1249 2172 Vere
1276 2115 1342 2170 anni

172 2225 199 2278 h.
224 2241 247 2279 s.
273 2221 428 2279 LXXXVI
453 2222 566 2279 Almam
583 2222 805 2280 Universitatem
822 2222 1035 2279 Berolinensem
1059 2222 1116 2278 adii
1137 2233 1166 2278 et
1182 2223 1209 2278 in
1225 2240 1343 2277 numero

172 2331 274 2386 civium
310 2330 369 2386 eius
398 2328 435 2385 fui
464 2347 553 2404 usque
582 2331 621 2386 ad
644 2344 794 2387 exeuntem
818 2343 958 2386 aestatem
982 2330 1049 2385 anni
1074 2329 1101 2385 h.
1126 2347 1151 2386 s.
1175 2327 1342 2385 LXXXXI.

171 2435 339 2492 Docuerunt
363 2455 407 2492 me
430 2437 484 2492 viri
509 2437 657 2492 clarissimi
682 2437 825 2506 Bresslau,
851 2437 974 2507 Curtius,
999 2435 1088 2506 Diels,
1115 2433 1343 2510 Furtwaengler,

171 2542 292 2617 Geiger,
329 2543 364 2599 de
388 2543 521 2617 Gizycki,
557 2543 658 2614 Graei,
689 2544 810 2613 Grimm,
839 2542 1014 2613 Hirschfeld,
1044 2542 1192 2613 Huebuer,
1221 2539 1343 2611 Kekulc,

173 2648 337 2716 Kirchhoff,
373 2649 462 2720 Lenz,
498 2650 631 2720 Paulsen,
660 2651 823 2722 Puchstein,
854 2649 975 2722 Robert,
1000 2650 1157 2726 Roediger,
1181 2649 1344 2718 Rothstein,

173 2754 311 2825 Scherer,
347 2755 495 2830 Johannes
518 2755 659 2825 Schmidt,
695 2755 871 2827 Schroeder,
902 2757 1024 2828 Vahlen,
1054 2757 1156 2814 Zeller.
1208 2755 1346 2830 Collegiis
1379 2724 1389 2740 .

173 2863 374 2936 privatissimis
403 2882 448 2919 mc
476 2863 661 2934 admiserunt,
691 2864 814 2933 Curtius,
845 2864 1073 2939 Furtwaengler,
1098 2863 1199 2934 Grael,
1224 2861 1345 2930 Grimm,

176 2968 323 3039 Huebner,
350 2968 514 3039 Kirchhoff,
539 2969 661 3037 Robert,
687 2971 849 3042 Rothstein,
875 2969 998 3026 Vahlen.

265 3076 374 3131 Horum
410 3077 533 3132 omnium
568 3077 694 3133 virorum
729 3089 815 3153 grato
842 3078 937 3133 animo
967 3076 1033 3132 dum
1060 3079 1156 3132 vivam
1179 3076 1346 3144 meminero,

175 3183 332 3257 praecipue
367 3201 438 3239 vero
472 3185 582 3259 gratias
617 3203 675 3259 ago
704 3184 810 3241 Carolo
835 3182 955 3253 Robert,
992 3185 1039 3256 qui
1070 3202 1114 3240 me
1139 3184 1270 3240 hortatus
1293 3195 1347 3249 est,

177 3301 207 3344 ut
223 3289 259 3346 de
276 3289 445 3347 comoediae
462 3290 578 3347 Atticae
594 3289 758 3365 primordiis
773 3292 958 3366 quaestiones
974 3291 1148 3347 instituerem
1165 3304 1194 3347 et
1211 3289 1348 3364 Adolphn

178 3395 334 3452 Kirchholi
366 3397 413 3470 qui
449 3417 494 3452 me
529 3397 557 3453 in
590 3396 766 3472 perficienda
802 3397 1003 3454 dissertatione
1031 3416 1140 3453 summa
1171 3395 1349 3471 benignitate

176 3502 294 3558 adiuvit.
