<?xml version="1.0" encoding="UTF-8"?>
<!DOCTYPE html PUBLIC "-//W3C//DTD XHTML 1.0 Transitional//EN"
    "http://www.w3.org/TR/xhtml1/DTD/xhtml1-transitional.dtd">
<html xmlns="http://www.w3.org/1999/xhtml" xml:lang="en" lang="en">
 <head>
  <title>
</title>
<meta http-equiv="Content-Type" content="text/html;charset=utf-8" />
  <meta name='ocr-system' content='tesseract 3.04.00' />
  <meta name='ocr-capabilities' content='ocr_page ocr_carea ocr_par ocr_line ocrx_word'/>
</head>
<body>
  <div class='ocr_page' id='page_1' title='image "./decomoediaeatti01poppgoog_0045.png"; bbox 0 0 3270 4684; ppageno 0'>
   <div class='ocr_carea' id='block_1_1' title="bbox 719 503 933 556">
    <p class='ocr_par' dir='ltr' id='par_1_1' title="bbox 719 503 933 556">
     <span class='ocr_line' id='line_1_1' title="bbox 719 503 933 556; baseline 0 -30"><span class='ocrx_word' id='word_1_1' title='bbox 719 519 756 526; x_wconf 73' lang='lat'>-</span> <span class='ocrx_word' id='word_1_2' title='bbox 807 503 846 556; x_wconf 74' lang='lat'>4„</span> <span class='ocrx_word' id='word_1_3' title='bbox 899 519 933 526; x_wconf 89' lang='lat'>--</span> 
     </span>
    </p>
   </div>
   <div class='ocr_carea' id='block_1_2' title="bbox 232 663 1408 1700">
    <p class='ocr_par' dir='ltr' id='par_1_2' title="bbox 232 663 1408 1700">
     <span class='ocr_line' id='line_1_2' title="bbox 234 663 1408 739; baseline 0.002 -22"><span class='ocrx_word' id='word_1_4' title='bbox 234 677 263 718; x_wconf 92' lang='lat' dir='ltr'>ut</span> <span class='ocrx_word' id='word_1_5' title='bbox 287 664 359 719; x_wconf 89' lang='lat' dir='ltr'>inter</span> <span class='ocrx_word' id='word_1_6' title='bbox 382 663 509 738; x_wconf 83' lang='lat' dir='ltr'>singulas</span> <span class='ocrx_word' id='word_1_7' title='bbox 533 679 632 739; x_wconf 87' lang='lat' dir='ltr'>partes</span> <span class='ocrx_word' id='word_1_8' title='bbox 648 664 719 719; x_wconf 89' lang='lat' dir='ltr'>alius</span> <span class='ocrx_word' id='word_1_9' title='bbox 736 665 857 720; x_wconf 85' lang='lat' dir='ltr'>actionis</span> <span class='ocrx_word' id='word_1_10' title='bbox 875 677 1020 739; x_wconf 76' lang='lat' dir='ltr'>tamquam</span> <span class='ocrx_word' id='word_1_11' title='bbox 1038 665 1226 735; x_wconf 88' lang='lat' dir='ltr'>interludium,</span> <span class='ocrx_word' id='word_1_12' title='bbox 1251 665 1328 739; x_wconf 92' lang='lat' dir='ltr'>quod</span> <span class='ocrx_word' id='word_1_13' title='bbox 1348 667 1408 721; x_wconf 90' lang='lat' dir='ltr'>Itali</span> 
     </span>
     <span class='ocr_line' id='line_1_3' title="bbox 234 769 1408 848; baseline 0.003 -24"><span class='ocrx_word' id='word_1_14' title='bbox 234 771 405 826; x_wconf 87' lang='lat' dir='ltr'>interrnezzo</span> <span class='ocrx_word' id='word_1_15' title='bbox 421 771 527 840; x_wconf 90' lang='lat' dir='ltr'>dicunt,</span> <span class='ocrx_word' id='word_1_16' title='bbox 546 771 696 838; x_wconf 89' lang='lat' dir='ltr'>inseratur,</span> <span class='ocrx_word' id='word_1_17' title='bbox 715 789 798 826; x_wconf 89' lang='lat' dir='ltr'>nemo</span> <span class='ocrx_word' id='word_1_18' title='bbox 815 789 871 826; x_wconf 92' lang='lat' dir='ltr'>non</span> <span class='ocrx_word' id='word_1_19' title='bbox 884 769 1097 826; x_wconf 82' lang='lat' dir='ltr'><strong>observaverit.</strong></span> <span class='ocrx_word' id='word_1_20' title='bbox 1129 771 1306 828; x_wconf 87' lang='lat' dir='ltr'>Comoediae</span> <span class='ocrx_word' id='word_1_21' title='bbox 1319 793 1408 848; x_wconf 92' lang='lat' dir='ltr'>popu·</span> 
     </span>
     <span class='ocr_line' id='line_1_4' title="bbox 234 876 1406 954; baseline 0.002 -23"><span class='ocrx_word' id='word_1_22' title='bbox 234 876 301 932; x_wconf 92' lang='lat' dir='ltr'>laris</span> <span class='ocrx_word' id='word_1_23' title='bbox 313 877 473 952; x_wconf 84' lang='lat' dir='ltr'>exemplum</span> <span class='ocrx_word' id='word_1_24' title='bbox 486 877 552 932; x_wconf 92' lang='lat' dir='ltr'>illud</span> <span class='ocrx_word' id='word_1_25' title='bbox 565 897 645 934; x_wconf 89' lang='lat' dir='ltr'>suum</span> <span class='ocrx_word' id='word_1_26' title='bbox 660 878 732 933; x_wconf 86' lang='lat' dir='ltr'>inter</span> <span class='ocrx_word' id='word_1_27' title='bbox 744 877 825 932; x_wconf 91' lang='lat' dir='ltr'>ludos</span> <span class='ocrx_word' id='word_1_28' title='bbox 837 876 976 932; x_wconf 85' lang='lat' dir='ltr'>artificum</span> <span class='ocrx_word' id='word_1_29' title='bbox 985 878 1154 934; x_wconf 86' lang='lat' dir='ltr'>circensium</span> <span class='ocrx_word' id='word_1_30' title='bbox 1164 879 1406 954; x_wconf 69' lang='lat' dir='ltr'>peregrinantium</span> 
     </span>
     <span class='ocr_line' id='line_1_5' title="bbox 234 983 1408 1061; baseline 0.003 -24"><span class='ocrx_word' id='word_1_31' title='bbox 234 984 429 1060; x_wconf 88' lang='lat' dir='ltr'>interpositum</span> <span class='ocrx_word' id='word_1_32' title='bbox 461 984 546 1040; x_wconf 83' lang='lat' dir='ltr'>luisse</span> <span class='ocrx_word' id='word_1_33' title='bbox 574 984 695 1040; x_wconf 87' lang='lat' dir='ltr'>adnotat</span> <span class='ocrx_word' id='word_1_34' title='bbox 726 985 760 1038; x_wconf 86' lang='lat' dir='ltr'>R.</span> <span class='ocrx_word' id='word_1_35' title='bbox 784 985 822 1038; x_wconf 91' lang='lat' dir='ltr'>M.</span> <span class='ocrx_word' id='word_1_36' title='bbox 842 983 967 1040; x_wconf 84' lang='lat' dir='ltr'>Werner</span> <span class='ocrx_word' id='word_1_37' title='bbox 996 984 1027 1057; x_wconf 87' lang='lat' dir='ltr'>(l.</span> <span class='ocrx_word' id='word_1_38' title='bbox 1053 1003 1078 1040; x_wconf 91' lang='lat' dir='ltr'>c.</span> <span class='ocrx_word' id='word_1_39' title='bbox 1108 984 1272 1060; x_wconf 80' lang='lat' dir='ltr'>Einleitung</span> <span class='ocrx_word' id='word_1_40' title='bbox 1301 1005 1329 1061; x_wconf 87' lang='lat' dir='ltr'>p.</span> <span class='ocrx_word' id='word_1_41' title='bbox 1359 989 1408 1060; x_wconf 82' lang='lat'>13)</span> 
     </span>
     <span class='ocr_line' id='line_1_6' title="bbox 232 1090 1406 1166; baseline 0.002 -22"><span class='ocrx_word' id='word_1_42' title='bbox 232 1105 318 1166; x_wconf 74' lang='lat' dir='ltr'>atqie</span> <span class='ocrx_word' id='word_1_43' title='bbox 343 1090 419 1160; x_wconf 91' lang='lat' dir='ltr'>illud,</span> <span class='ocrx_word' id='word_1_44' title='bbox 444 1091 521 1165; x_wconf 92' lang='lat' dir='ltr'>quod</span> <span class='ocrx_word' id='word_1_45' title='bbox 542 1109 599 1166; x_wconf 79' lang='lat' dir='ltr'>ego</span> <span class='ocrx_word' id='word_1_46' title='bbox 616 1091 781 1146; x_wconf 77' lang='lat' dir='ltr'>describere</span> <span class='ocrx_word' id='word_1_47' title='bbox 798 1111 883 1146; x_wconf 84' lang='lat' dir='ltr'>ausus</span> <span class='ocrx_word' id='word_1_48' title='bbox 903 1110 974 1160; x_wconf 87' lang='lat' dir='ltr'>sum,</span> <span class='ocrx_word' id='word_1_49' title='bbox 993 1092 1065 1147; x_wconf 92' lang='lat' dir='ltr'>inter</span> <span class='ocrx_word' id='word_1_50' title='bbox 1081 1091 1209 1166; x_wconf 85' lang='lat' dir='ltr'>singulos</span> <span class='ocrx_word' id='word_1_51' title='bbox 1225 1091 1308 1147; x_wconf 91' lang='lat' dir='ltr'>ludos</span> <span class='ocrx_word' id='word_1_52' title='bbox 1325 1094 1406 1148; x_wconf 88' lang='lat' dir='ltr'>musi-</span> 
     </span>
     <span class='ocr_line' id='line_1_7' title="bbox 233 1197 1406 1274; baseline 0.002 -22"><span class='ocrx_word' id='word_1_53' title='bbox 233 1215 330 1252; x_wconf 88' lang='lat' dir='ltr'>corum</span> <span class='ocrx_word' id='word_1_54' title='bbox 356 1198 382 1252; x_wconf 92' lang='lat' dir='ltr'>in</span> <span class='ocrx_word' id='word_1_55' title='bbox 406 1197 507 1253; x_wconf 90' lang='lat' dir='ltr'>eodem</span> <span class='ocrx_word' id='word_1_56' title='bbox 533 1197 596 1252; x_wconf 85' lang='lat' dir='ltr'>foro</span> <span class='ocrx_word' id='word_1_57' title='bbox 620 1199 828 1253; x_wconf 87' lang='lat' dir='ltr'>concinentium</span> <span class='ocrx_word' id='word_1_58' title='bbox 854 1197 1006 1254; x_wconf 84' lang='lat' dir='ltr'>identidem</span> <span class='ocrx_word' id='word_1_59' title='bbox 1031 1198 1078 1274; x_wconf 83' lang='lat' dir='ltr'>agi</span> <span class='ocrx_word' id='word_1_60' title='bbox 1104 1199 1171 1253; x_wconf 89' lang='lat' dir='ltr'>vidi.</span> <span class='ocrx_word' id='word_1_61' title='bbox 1211 1199 1406 1272; x_wconf 80' lang='lat' dir='ltr'>Arlequinada</span> 
     </span>
     <span class='ocr_line' id='line_1_8' title="bbox 234 1305 1408 1380; baseline 0.003 -22"><span class='ocrx_word' id='word_1_62' title='bbox 234 1305 259 1359; x_wconf 89' lang='lat' dir='ltr'>in</span> <span class='ocrx_word' id='word_1_63' title='bbox 285 1305 511 1360; x_wconf 67' lang='lat' dir='ltr'>britannicorum</span> <span class='ocrx_word' id='word_1_64' title='bbox 536 1305 720 1380; x_wconf 89' lang='lat' dir='ltr'>pantomimo,</span> <span class='ocrx_word' id='word_1_65' title='bbox 746 1306 794 1379; x_wconf 90' lang='lat' dir='ltr'>qui</span> <span class='ocrx_word' id='word_1_66' title='bbox 819 1305 1171 1360; x_wconf 81' lang='lat' dir='ltr'>Christmas-Pantomime</span> <span class='ocrx_word' id='word_1_67' title='bbox 1188 1305 1299 1372; x_wconf 86' lang='lat' dir='ltr'>dicitur,</span> <span class='ocrx_word' id='word_1_68' title='bbox 1325 1305 1408 1362; x_wconf 88' lang='lat' dir='ltr'>inter·</span> 
     </span>
     <span class='ocr_line' id='line_1_9' title="bbox 233 1411 1406 1486; baseline 0.001 -21"><span class='ocrx_word' id='word_1_69' title='bbox 233 1411 299 1467; x_wconf 91' lang='lat' dir='ltr'>ludii</span> <span class='ocrx_word' id='word_1_70' title='bbox 334 1413 397 1468; x_wconf 90' lang='lat' dir='ltr'>vice</span> <span class='ocrx_word' id='word_1_71' title='bbox 434 1411 558 1484; x_wconf 83' lang='lat' dir='ltr'>fungitur</span> <span class='ocrx_word' id='word_1_72' title='bbox 593 1425 620 1466; x_wconf 86' lang='lat' dir='ltr'>et</span> <span class='ocrx_word' id='word_1_73' title='bbox 651 1424 718 1467; x_wconf 90' lang='lat' dir='ltr'>ante</span> <span class='ocrx_word' id='word_1_74' title='bbox 747 1432 839 1486; x_wconf 88' lang='lat' dir='ltr'>pauca</span> <span class='ocrx_word' id='word_1_75' title='bbox 872 1412 1011 1468; x_wconf 91' lang='lat' dir='ltr'>decennia</span> <span class='ocrx_word' id='word_1_76' title='bbox 1041 1412 1066 1466; x_wconf 92' lang='lat' dir='ltr'>in</span> <span class='ocrx_word' id='word_1_77' title='bbox 1092 1411 1207 1467; x_wconf 89' lang='lat' dir='ltr'>theatro</span> <span class='ocrx_word' id='word_1_78' title='bbox 1231 1412 1406 1468; x_wconf 76' lang='lat' dir='ltr'>llerolinensi</span> 
     </span>
     <span class='ocr_line' id='line_1_10' title="bbox 233 1517 1407 1594; baseline 0.001 -21"><span class='ocrx_word' id='word_1_79' title='bbox 233 1519 305 1574; x_wconf 92' lang='lat' dir='ltr'>inter</span> <span class='ocrx_word' id='word_1_80' title='bbox 329 1531 410 1574; x_wconf 89' lang='lat' dir='ltr'>actus</span> <span class='ocrx_word' id='word_1_81' title='bbox 433 1518 562 1593; x_wconf 80' lang='lat' dir='ltr'>singulos</span> <span class='ocrx_word' id='word_1_82' title='bbox 588 1517 707 1574; x_wconf 77' lang='lat' dir='ltr'>fabellas</span> <span class='ocrx_word' id='word_1_83' title='bbox 732 1538 872 1594; x_wconf 88' lang='lat' dir='ltr'>poparum</span> <span class='ocrx_word' id='word_1_84' title='bbox 896 1533 1040 1594; x_wconf 89' lang='lat' dir='ltr'>apparatu</span> <span class='ocrx_word' id='word_1_85' title='bbox 1064 1532 1155 1588; x_wconf 88' lang='lat' dir='ltr'>actas,</span> <span class='ocrx_word' id='word_1_86' title='bbox 1182 1519 1208 1574; x_wconf 93' lang='lat' dir='ltr'>in</span> <span class='ocrx_word' id='word_1_87' title='bbox 1233 1517 1336 1594; x_wconf 93' lang='lat' dir='ltr'>quibus</span> <span class='ocrx_word' id='word_1_88' title='bbox 1360 1539 1407 1575; x_wconf 90' lang='lat' dir='ltr'>res</span> 
     </span>
     <span class='ocr_line' id='line_1_11' title="bbox 232 1624 1407 1700; baseline 0.003 -24"><span class='ocrx_word' id='word_1_89' title='bbox 232 1643 306 1699; x_wconf 88' lang='lat' dir='ltr'>quae</span> <span class='ocrx_word' id='word_1_90' title='bbox 330 1625 452 1680; x_wconf 88' lang='lat' dir='ltr'>studium</span> <span class='ocrx_word' id='word_1_91' title='bbox 477 1624 621 1700; x_wconf 86' lang='lat' dir='ltr'>publicum</span> <span class='ocrx_word' id='word_1_92' title='bbox 646 1624 802 1681; x_wconf 88' lang='lat' dir='ltr'>movebant</span> <span class='ocrx_word' id='word_1_93' title='bbox 825 1624 862 1680; x_wconf 88' lang='lat' dir='ltr'>ad</span> <span class='ocrx_word' id='word_1_94' title='bbox 879 1625 966 1680; x_wconf 75' lang='lat' dir='ltr'>ristun</span> <span class='ocrx_word' id='word_1_95' title='bbox 983 1624 1238 1700; x_wconf 90' lang='lat' dir='ltr'>detorquebantur,</span> <span class='ocrx_word' id='word_1_96' title='bbox 1266 1626 1407 1700; x_wconf 87' lang='lat' dir='ltr'>interponi</span> 
     </span>
    </p>
   </div>
   <div class='ocr_carea' id='block_1_3' title="bbox 231 1728 1405 1812">
    <p class='ocr_par' dir='ltr' id='par_1_3' title="bbox 231 1728 1405 1812">
     <span class='ocr_line' id='line_1_12' title="bbox 231 1728 1405 1812; baseline -0.001 -25"><span class='ocrx_word' id='word_1_97' title='bbox 231 1732 331 1788; x_wconf 87' lang='lat' dir='ltr'>solitas</span> <span class='ocrx_word' id='word_1_98' title='bbox 366 1751 430 1788; x_wconf 90' lang='lat' dir='ltr'>esse</span> <span class='ocrx_word' id='word_1_99' title='bbox 465 1745 564 1788; x_wconf 91' lang='lat' dir='ltr'>narrat</span> <span class='ocrx_word' id='word_1_100' title='bbox 599 1732 690 1807; x_wconf 81' lang='lat' dir='ltr'>Engel</span> <span class='ocrx_word' id='word_1_101' title='bbox 719 1732 880 1803; x_wconf 88' lang='lat' dir='ltr'>(Deutsche</span> <span class='ocrx_word' id='word_1_102' title='bbox 910 1731 1176 1808; x_wconf 80' lang='lat' dir='ltr'>Puppenkomodie‚</span> <span class='ocrx_word' id='word_1_103' title='bbox 1208 1733 1240 1802; x_wconf 96' lang='lat' dir='ltr'>ll,</span> <span class='ocrx_word' id='word_1_104' title='bbox 1272 1753 1299 1808; x_wconf 91' lang='lat' dir='ltr'>p.</span> <span class='ocrx_word' id='word_1_105' title='bbox 1318 1728 1405 1812; x_wconf 84' lang='lat' dir='ltr'>VIII).</span> 
     </span>
    </p>
   </div>
   <div class='ocr_carea' id='block_1_4' title="bbox 230 1838 1407 4159">
    <p class='ocr_par' dir='ltr' id='par_1_4' title="bbox 230 1838 1407 2662">
     <span class='ocr_line' id='line_1_13' title="bbox 232 1838 1406 1914; baseline -0.003 -18"><span class='ocrx_word' id='word_1_106' title='bbox 232 1839 269 1896; x_wconf 91' lang='lat' dir='ltr'>Ut</span> <span class='ocrx_word' id='word_1_107' title='bbox 294 1840 451 1914; x_wconf 80' lang='lat' dir='ltr'>Arlequino</span> <span class='ocrx_word' id='word_1_108' title='bbox 488 1840 513 1894; x_wconf 88' lang='lat' dir='ltr'>in</span> <span class='ocrx_word' id='word_1_109' title='bbox 540 1838 672 1895; x_wconf 86' lang='lat' dir='ltr'>Italorum</span> <span class='ocrx_word' id='word_1_110' title='bbox 709 1839 868 1907; x_wconf 80' lang='lat' dir='ltr'>comoedia,</span> <span class='ocrx_word' id='word_1_111' title='bbox 905 1840 946 1894; x_wconf 90' lang='lat' dir='ltr'>sic</span> <span class='ocrx_word' id='word_1_112' title='bbox 975 1839 1086 1908; x_wconf 82' lang='lat' dir='ltr'>Clou&#39;n,</span> <span class='ocrx_word' id='word_1_113' title='bbox 1122 1859 1206 1914; x_wconf 90' lang='lat' dir='ltr'>quem</span> <span class='ocrx_word' id='word_1_114' title='bbox 1236 1839 1342 1902; x_wconf 84' lang='lat' dir='ltr'>dicunt,</span> <span class='ocrx_word' id='word_1_115' title='bbox 1380 1840 1406 1893; x_wconf 91' lang='lat' dir='ltr'>in</span> 
     </span>
     <span class='ocr_line' id='line_1_14' title="bbox 233 1945 1407 2022; baseline 0.001 -22"><span class='ocrx_word' id='word_1_116' title='bbox 233 1947 468 2012; x_wconf 82' lang='lat' dir='ltr'>Britannicorum,</span> <span class='ocrx_word' id='word_1_117' title='bbox 493 1945 637 2002; x_wconf 86' lang='lat' dir='ltr'>Gracioso</span> <span class='ocrx_word' id='word_1_118' title='bbox 662 1947 687 2000; x_wconf 93' lang='lat' dir='ltr'>in</span> <span class='ocrx_word' id='word_1_119' title='bbox 713 1947 907 2022; x_wconf 79' lang='lat' dir='ltr'>Hispanorum</span> <span class='ocrx_word' id='word_1_120' title='bbox 932 1946 1092 2012; x_wconf 81' lang='lat' dir='ltr'>comoedia,</span> <span class='ocrx_word' id='word_1_121' title='bbox 1120 1947 1284 2021; x_wconf 87' lang='lat' dir='ltr'>priusquam</span> <span class='ocrx_word' id='word_1_122' title='bbox 1309 1961 1407 2020; x_wconf 87' lang='lat' dir='ltr'>partes</span> 
     </span>
     <span class='ocr_line' id='line_1_15' title="bbox 232 2051 1406 2126; baseline 0 -18"><span class='ocrx_word' id='word_1_123' title='bbox 232 2071 330 2108; x_wconf 87' lang='lat' dir='ltr'>eorum</span> <span class='ocrx_word' id='word_1_124' title='bbox 354 2071 416 2108; x_wconf 90' lang='lat' dir='ltr'>cnm</span> <span class='ocrx_word' id='word_1_125' title='bbox 442 2054 576 2108; x_wconf 90' lang='lat' dir='ltr'>universo</span> <span class='ocrx_word' id='word_1_126' title='bbox 601 2053 730 2108; x_wconf 78' lang='lat' dir='ltr'>dramate</span> <span class='ocrx_word' id='word_1_127' title='bbox 755 2053 931 2120; x_wconf 85' lang='lat' dir='ltr'>coaluerunt,</span> <span class='ocrx_word' id='word_1_128' title='bbox 958 2053 1107 2109; x_wconf 92' lang='lat' dir='ltr'>interludia</span> <span class='ocrx_word' id='word_1_129' title='bbox 1129 2052 1257 2126; x_wconf 83' lang='lat' dir='ltr'>agebant</span> <span class='ocrx_word' id='word_1_130' title='bbox 1273 2051 1406 2108; x_wconf 88' lang='lat' dir='ltr'>eandem-</span> 
     </span>
     <span class='ocr_line' id='line_1_16' title="bbox 232 2157 1407 2236; baseline 0 -23"><span class='ocrx_word' id='word_1_131' title='bbox 232 2179 287 2234; x_wconf 91' lang='lat' dir='ltr'>que</span> <span class='ocrx_word' id='word_1_132' title='bbox 323 2161 348 2213; x_wconf 93' lang='lat' dir='ltr'>in</span> <span class='ocrx_word' id='word_1_133' title='bbox 384 2173 495 2234; x_wconf 87' lang='lat' dir='ltr'>partem</span> <span class='ocrx_word' id='word_1_134' title='bbox 532 2159 595 2216; x_wconf 85' lang='lat' dir='ltr'>illae</span> <span class='ocrx_word' id='word_1_135' title='bbox 631 2178 737 2215; x_wconf 82' lang='lat' dir='ltr'>scenae</span> <span class='ocrx_word' id='word_1_136' title='bbox 766 2159 954 2236; x_wconf 84' lang='lat' dir='ltr'>accipiendae</span> <span class='ocrx_word' id='word_1_137' title='bbox 985 2172 1058 2228; x_wconf 89' lang='lat' dir='ltr'>sunt,</span> <span class='ocrx_word' id='word_1_138' title='bbox 1095 2179 1167 2234; x_wconf 58' lang='lat' dir='ltr'>squas</span> <span class='ocrx_word' id='word_1_139' title='bbox 1191 2179 1207 2214; x_wconf 90' lang='lat' dir='ltr'>a</span> <span class='ocrx_word' id='word_1_140' title='bbox 1231 2157 1407 2214; x_wconf 86' lang='lat' dir='ltr'>Strauitzkio</span> 
     </span>
     <span class='ocr_line' id='line_1_17' title="bbox 232 2265 1406 2342; baseline -0.001 -21"><span class='ocrx_word' id='word_1_141' title='bbox 232 2267 408 2342; x_wconf 89' lang='lat' dir='ltr'>compositas</span> <span class='ocrx_word' id='word_1_142' title='bbox 432 2267 466 2321; x_wconf 78' lang='lat' dir='ltr'>R.</span> <span class='ocrx_word' id='word_1_143' title='bbox 485 2265 524 2320; x_wconf 81' lang='lat' dir='ltr'>M.</span> <span class='ocrx_word' id='word_1_144' title='bbox 544 2266 668 2322; x_wconf 88' lang='lat' dir='ltr'>Werner</span> <span class='ocrx_word' id='word_1_145' title='bbox 692 2266 789 2322; x_wconf 85' lang='lat' dir='ltr'>edidit.</span> <span class='ocrx_word' id='word_1_146' title='bbox 835 2268 864 2321; x_wconf 91' lang='lat' dir='ltr'>ln</span> <span class='ocrx_word' id='word_1_147' title='bbox 883 2267 1075 2342; x_wconf 80' lang='lat' dir='ltr'>Hispanorum</span> <span class='ocrx_word' id='word_1_148' title='bbox 1100 2265 1214 2322; x_wconf 88' lang='lat' dir='ltr'>theatro</span> <span class='ocrx_word' id='word_1_149' title='bbox 1239 2266 1306 2321; x_wconf 88' lang='lat' dir='ltr'>talia</span> <span class='ocrx_word' id='word_1_150' title='bbox 1324 2267 1406 2321; x_wconf 91' lang='lat' dir='ltr'>inter—</span> 
     </span>
     <span class='ocr_line' id='line_1_18' title="bbox 232 2372 1405 2448; baseline -0.002 -20"><span class='ocrx_word' id='word_1_151' title='bbox 232 2373 307 2428; x_wconf 90' lang='lat' dir='ltr'>ludia</span> <span class='ocrx_word' id='word_1_152' title='bbox 344 2374 454 2447; x_wconf 80' lang='lat' dir='ltr'>integra</span> <span class='ocrx_word' id='word_1_153' title='bbox 491 2387 608 2448; x_wconf 89' lang='lat' dir='ltr'>praeter</span> <span class='ocrx_word' id='word_1_154' title='bbox 643 2372 756 2428; x_wconf 81' lang='lat' dir='ltr'>fabulas</span> <span class='ocrx_word' id='word_1_155' title='bbox 786 2373 968 2434; x_wconf 80' lang='lat' dir='ltr'>excultiores,</span> <span class='ocrx_word' id='word_1_156' title='bbox 1005 2393 1080 2447; x_wconf 88' lang='lat' dir='ltr'>quae</span> <span class='ocrx_word' id='word_1_157' title='bbox 1109 2391 1145 2429; x_wconf 79' lang='lat' dir='ltr'>ex</span> <span class='ocrx_word' id='word_1_158' title='bbox 1170 2373 1202 2428; x_wconf 83' lang='lat' dir='ltr'>iis</span> <span class='ocrx_word' id='word_1_159' title='bbox 1225 2387 1307 2428; x_wconf 88' lang='lat' dir='ltr'>ortae</span> <span class='ocrx_word' id='word_1_160' title='bbox 1332 2386 1405 2438; x_wconf 89' lang='lat' dir='ltr'>sunt,</span> 
     </span>
     <span class='ocr_line' id='line_1_19' title="bbox 232 2479 1405 2556; baseline -0.002 -20"><span class='ocrx_word' id='word_1_161' title='bbox 232 2495 449 2556; x_wconf 85' lang='lat' dir='ltr'>permanserunt</span> <span class='ocrx_word' id='word_1_162' title='bbox 473 2482 585 2535; x_wconf 81' lang='lat' dir='ltr'>nornine</span> <span class='ocrx_word' id='word_1_163' title='bbox 610 2479 803 2548; x_wconf 77' lang='lat' dir='ltr'>EntremeseS,</span> <span class='ocrx_word' id='word_1_164' title='bbox 829 2481 856 2534; x_wconf 92' lang='lat' dir='ltr'>in</span> <span class='ocrx_word' id='word_1_165' title='bbox 880 2479 983 2554; x_wconf 88' lang='lat' dir='ltr'>quibus</span> <span class='ocrx_word' id='word_1_166' title='bbox 1007 2479 1213 2554; x_wconf 80' lang='lat' dir='ltr'>componendis</span> <span class='ocrx_word' id='word_1_167' title='bbox 1237 2479 1405 2554; x_wconf 87' lang='lat' dir='ltr'>saepissime</span> 
     </span>
     <span class='ocr_line' id='line_1_20' title="bbox 230 2585 1152 2662; baseline 0.001 -23"><span class='ocrx_word' id='word_1_168' title='bbox 230 2586 371 2662; x_wconf 91' lang='lat' dir='ltr'>quotlibet</span> <span class='ocrx_word' id='word_1_169' title='bbox 395 2587 532 2662; x_wconf 85' lang='lat' dir='ltr'>deinceps</span> <span class='ocrx_word' id='word_1_170' title='bbox 555 2605 696 2662; x_wconf 87' lang='lat' dir='ltr'>personas</span> <span class='ocrx_word' id='word_1_171' title='bbox 719 2585 855 2641; x_wconf 88' lang='lat' dir='ltr'>ridiculas</span> <span class='ocrx_word' id='word_1_172' title='bbox 879 2599 984 2661; x_wconf 91' lang='lat' dir='ltr'>poetae</span> <span class='ocrx_word' id='word_1_173' title='bbox 1009 2585 1152 2642; x_wconf 88' lang='lat' dir='ltr'>inducunt.</span> 
     </span>
    </p>

    <p class='ocr_par' dir='ltr' id='par_1_5' title="bbox 230 2691 1406 4159">
     <span class='ocr_line' id='line_1_21' title="bbox 321 2691 1405 2769; baseline 0.001 -21"><span class='ocrx_word' id='word_1_174' title='bbox 321 2694 453 2750; x_wconf 89' lang='lat' dir='ltr'>Zielinski</span> <span class='ocrx_word' id='word_1_175' title='bbox 478 2694 508 2760; x_wconf 84' lang='lat' dir='ltr'>(l.</span> <span class='ocrx_word' id='word_1_176' title='bbox 534 2715 559 2749; x_wconf 90' lang='lat' dir='ltr'>c.</span> <span class='ocrx_word' id='word_1_177' title='bbox 585 2714 613 2769; x_wconf 93' lang='lat' dir='ltr'>p.</span> <span class='ocrx_word' id='word_1_178' title='bbox 638 2691 709 2768; x_wconf 83' lang='lat'>185)</span> <span class='ocrx_word' id='word_1_179' title='bbox 733 2707 850 2769; x_wconf 88' lang='lat' dir='ltr'>praeter</span> <span class='ocrx_word' id='word_1_180' title='bbox 874 2695 964 2749; x_wconf 85' lang='lat' dir='ltr'>minus</span> <span class='ocrx_word' id='word_1_181' title='bbox 988 2711 1096 2767; x_wconf 83' lang='lat' dir='ltr'>graves</span> <span class='ocrx_word' id='word_1_182' title='bbox 1113 2713 1225 2763; x_wconf 75' lang='lat' dir='ltr'>causae,</span> <span class='ocrx_word' id='word_1_183' title='bbox 1250 2693 1405 2768; x_wconf 82' lang='lat' dir='ltr'>exquibus</span> 
     </span>
     <span class='ocr_line' id='line_1_22' title="bbox 231 2800 1404 2876; baseline 0 -20"><span class='ocrx_word' id='word_1_184' title='bbox 231 2801 396 2876; x_wconf 89' lang='lat' dir='ltr'>parabasim</span> <span class='ocrx_word' id='word_1_185' title='bbox 421 2815 502 2876; x_wconf 90' lang='lat' dir='ltr'>putat</span> <span class='ocrx_word' id='word_1_186' title='bbox 526 2819 590 2858; x_wconf 88' lang='lat' dir='ltr'>esse</span> <span class='ocrx_word' id='word_1_187' title='bbox 614 2800 757 2876; x_wconf 82' lang='lat' dir='ltr'>epilogum</span> <span class='ocrx_word' id='word_1_188' title='bbox 783 2801 951 2857; x_wconf 76' lang='lat' dir='ltr'>comoediae</span> <span class='ocrx_word' id='word_1_189' title='bbox 974 2801 1131 2875; x_wconf 81' lang='lat' dir='ltr'>originalis,</span> <span class='ocrx_word' id='word_1_190' title='bbox 1158 2803 1313 2876; x_wconf 88' lang='lat' dir='ltr'>praecipue</span> <span class='ocrx_word' id='word_1_191' title='bbox 1331 2801 1404 2856; x_wconf 88' lang='lat' dir='ltr'>illam</span> 
     </span>
     <span class='ocr_line' id='line_1_23' title="bbox 230 2906 1405 2983; baseline -0.001 -20"><span class='ocrx_word' id='word_1_192' title='bbox 230 2907 350 2982; x_wconf 80' lang='lat' dir='ltr'>profert,</span> <span class='ocrx_word' id='word_1_193' title='bbox 387 2909 452 2983; x_wconf 87' lang='lat' dir='ltr'>quia</span> <span class='ocrx_word' id='word_1_194' title='bbox 478 2907 691 2962; x_wconf 86' lang='lat' dir='ltr'>tetrametricae</span> <span class='ocrx_word' id='word_1_195' title='bbox 715 2908 886 2962; x_wconf 89' lang='lat' dir='ltr'>comoediae</span> <span class='ocrx_word' id='word_1_196' title='bbox 910 2921 1009 2982; x_wconf 86' lang='lat' dir='ltr'>partes</span> <span class='ocrx_word' id='word_1_197' title='bbox 1026 2920 1092 2962; x_wconf 63' lang='lat' dir='ltr'>sinte</span> <span class='ocrx_word' id='word_1_198' title='bbox 1109 2906 1285 2982; x_wconf 88' lang='lat' dir='ltr'>parabasim,</span> <span class='ocrx_word' id='word_1_199' title='bbox 1311 2909 1405 2962; x_wconf 90' lang='lat' dir='ltr'>trime-</span> 
     </span>
     <span class='ocr_line' id='line_1_24' title="bbox 231 3013 1405 3090; baseline -0.001 -20"><span class='ocrx_word' id='word_1_200' title='bbox 231 3016 320 3070; x_wconf 89' lang='lat' dir='ltr'>tricae</span> <span class='ocrx_word' id='word_1_201' title='bbox 356 3027 423 3090; x_wconf 92' lang='lat' dir='ltr'>post</span> <span class='ocrx_word' id='word_1_202' title='bbox 457 3013 623 3089; x_wconf 89' lang='lat' dir='ltr'>parabasim</span> <span class='ocrx_word' id='word_1_203' title='bbox 660 3014 827 3090; x_wconf 89' lang='lat' dir='ltr'>plerumque</span> <span class='ocrx_word' id='word_1_204' title='bbox 864 3014 1051 3069; x_wconf 83' lang='lat' dir='ltr'>inveniantur.</span> <span class='ocrx_word' id='word_1_205' title='bbox 1105 3014 1240 3068; x_wconf 84' lang='lat' dir='ltr'>Nimirum</span> <span class='ocrx_word' id='word_1_206' title='bbox 1277 3015 1405 3070; x_wconf 88' lang='lat' dir='ltr'>trimetro</span> 
     </span>
     <span class='ocr_line' id='line_1_25' title="bbox 231 3119 1406 3196; baseline 0 -20"><span class='ocrx_word' id='word_1_207' title='bbox 231 3122 355 3177; x_wconf 86' lang='lat' dir='ltr'>iambico</span> <span class='ocrx_word' id='word_1_208' title='bbox 390 3141 496 3177; x_wconf 88' lang='lat' dir='ltr'>scenae</span> <span class='ocrx_word' id='word_1_209' title='bbox 532 3121 596 3176; x_wconf 90' lang='lat' dir='ltr'>illae</span> <span class='ocrx_word' id='word_1_210' title='bbox 625 3121 760 3176; x_wconf 88' lang='lat' dir='ltr'>scurriles</span> <span class='ocrx_word' id='word_1_211' title='bbox 789 3121 967 3196; x_wconf 85' lang='lat' dir='ltr'>compositae</span> <span class='ocrx_word' id='word_1_212' title='bbox 996 3135 1069 3188; x_wconf 88' lang='lat' dir='ltr'>sont,</span> <span class='ocrx_word' id='word_1_213' title='bbox 1106 3119 1209 3194; x_wconf 89' lang='lat' dir='ltr'>quibus</span> <span class='ocrx_word' id='word_1_214' title='bbox 1233 3134 1298 3195; x_wconf 89' lang='lat' dir='ltr'>post</span> <span class='ocrx_word' id='word_1_215' title='bbox 1322 3139 1406 3196; x_wconf 90' lang='lat' dir='ltr'>para-</span> 
     </span>
     <span class='ocr_line' id='line_1_26' title="bbox 232 3228 1405 3302; baseline -0.003 -17"><span class='ocrx_word' id='word_1_216' title='bbox 232 3228 321 3285; x_wconf 88' lang='lat' dir='ltr'>basim</span> <span class='ocrx_word' id='word_1_217' title='bbox 359 3228 512 3284; x_wconf 87' lang='lat' dir='ltr'>illustratur</span> <span class='ocrx_word' id='word_1_218' title='bbox 547 3247 604 3302; x_wconf 91' lang='lat' dir='ltr'>quo</span> <span class='ocrx_word' id='word_1_219' title='bbox 639 3228 755 3283; x_wconf 85' lang='lat' dir='ltr'>valeant</span> <span class='ocrx_word' id='word_1_220' title='bbox 789 3248 825 3283; x_wconf 92' lang='lat' dir='ltr'>ea</span> <span class='ocrx_word' id='word_1_221' title='bbox 849 3247 923 3302; x_wconf 64' lang='lat' dir='ltr'>epure</span> <span class='ocrx_word' id='word_1_222' title='bbox 958 3248 973 3282; x_wconf 92' lang='lat' dir='ltr'>a</span> <span class='ocrx_word' id='word_1_223' title='bbox 1011 3228 1211 3302; x_wconf 84' lang='lat' dir='ltr'>protagonista</span> <span class='ocrx_word' id='word_1_224' title='bbox 1247 3229 1272 3281; x_wconf 89' lang='lat' dir='ltr'>in</span> <span class='ocrx_word' id='word_1_225' title='bbox 1309 3229 1405 3302; x_wconf 87' lang='lat' dir='ltr'>priore</span> 
     </span>
     <span class='ocr_line' id='line_1_27' title="bbox 232 3333 1405 3411; baseline -0.002 -21"><span class='ocrx_word' id='word_1_226' title='bbox 232 3335 345 3392; x_wconf 87' lang='lat' dir='ltr'>fabulae</span> <span class='ocrx_word' id='word_1_227' title='bbox 370 3349 452 3411; x_wconf 87' lang='lat' dir='ltr'>parte</span> <span class='ocrx_word' id='word_1_228' title='bbox 477 3349 595 3410; x_wconf 88' lang='lat' dir='ltr'>peracta</span> <span class='ocrx_word' id='word_1_229' title='bbox 619 3349 693 3390; x_wconf 82' lang='lat' dir='ltr'>sunt.</span> <span class='ocrx_word' id='word_1_230' title='bbox 741 3335 861 3404; x_wconf 80' lang='lat' dir='ltr'>Causas,</span> <span class='ocrx_word' id='word_1_231' title='bbox 888 3352 967 3403; x_wconf 90' lang='lat' dir='ltr'>vero,</span> <span class='ocrx_word' id='word_1_232' title='bbox 992 3353 1065 3408; x_wconf 58' lang='lat' dir='ltr'>&lt;luas</span> <span class='ocrx_word' id='word_1_233' title='bbox 1088 3353 1175 3409; x_wconf 87' lang='lat' dir='ltr'>supra</span> <span class='ocrx_word' id='word_1_234' title='bbox 1200 3333 1314 3409; x_wconf 88' lang='lat' dir='ltr'>protuli,</span> <span class='ocrx_word' id='word_1_235' title='bbox 1339 3334 1405 3407; x_wconf 90' lang='lat' dir='ltr'>quia</span> 
     </span>
     <span class='ocr_line' id='line_1_28' title="bbox 232 3440 1404 3518; baseline -0.003 -19"><span class='ocrx_word' id='word_1_236' title='bbox 232 3463 284 3499; x_wconf 89' lang='lat' dir='ltr'>eae</span> <span class='ocrx_word' id='word_1_237' title='bbox 309 3457 407 3518; x_wconf 82' lang='lat' dir='ltr'>partes</span> <span class='ocrx_word' id='word_1_238' title='bbox 431 3443 600 3498; x_wconf 83' lang='lat' dir='ltr'>comoediae</span> <span class='ocrx_word' id='word_1_239' title='bbox 624 3442 785 3517; x_wconf 86' lang='lat' dir='ltr'>primitivae</span> <span class='ocrx_word' id='word_1_240' title='bbox 809 3442 931 3497; x_wconf 89' lang='lat' dir='ltr'>omnium</span> <span class='ocrx_word' id='word_1_241' title='bbox 956 3443 1081 3516; x_wconf 82' lang='lat' dir='ltr'>gentium</span> <span class='ocrx_word' id='word_1_242' title='bbox 1107 3440 1244 3496; x_wconf 83' lang='lat' dir='ltr'>exhibent</span> <span class='ocrx_word' id='word_1_243' title='bbox 1268 3442 1404 3515; x_wconf 88' lang='lat' dir='ltr'>speciem,</span> 
     </span>
     <span class='ocr_line' id='line_1_29' title="bbox 232 3547 1405 3624; baseline -0.003 -19"><span class='ocrx_word' id='word_1_244' title='bbox 232 3563 288 3605; x_wconf 89' lang='lat' dir='ltr'>turn</span> <span class='ocrx_word' id='word_1_245' title='bbox 313 3550 379 3624; x_wconf 88' lang='lat' dir='ltr'>quia</span> <span class='ocrx_word' id='word_1_246' title='bbox 404 3550 430 3602; x_wconf 88' lang='lat' dir='ltr'>in</span> <span class='ocrx_word' id='word_1_247' title='bbox 458 3549 653 3624; x_wconf 80' lang='lat' dir='ltr'>Aristophane</span> <span class='ocrx_word' id='word_1_248' title='bbox 678 3549 788 3604; x_wconf 90' lang='lat' dir='ltr'>nonnisi</span> <span class='ocrx_word' id='word_1_249' title='bbox 818 3567 853 3604; x_wconf 87' lang='lat' dir='ltr'>ex</span> <span class='ocrx_word' id='word_1_250' title='bbox 878 3549 1067 3622; x_wconf 88' lang='lat' dir='ltr'>antiquiorum</span> <span class='ocrx_word' id='word_1_251' title='bbox 1092 3562 1242 3623; x_wconf 89' lang='lat' dir='ltr'>poetarum</span> <span class='ocrx_word' id='word_1_252' title='bbox 1267 3547 1405 3622; x_wconf 80' lang='lat' dir='ltr'>exemplis</span> 
     </span>
     <span class='ocr_line' id='line_1_30' title="bbox 232 3653 1404 3730; baseline -0.003 -18"><span class='ocrx_word' id='word_1_253' title='bbox 232 3657 444 3712; x_wconf 86' lang='lat' dir='ltr'>excusationem</span> <span class='ocrx_word' id='word_1_254' title='bbox 471 3653 587 3724; x_wconf 89' lang='lat' dir='ltr'>babent,</span> <span class='ocrx_word' id='word_1_255' title='bbox 624 3656 689 3728; x_wconf 89' lang='lat' dir='ltr'>quia</span> <span class='ocrx_word' id='word_1_256' title='bbox 716 3654 847 3730; x_wconf 90' lang='lat' dir='ltr'>denique,</span> <span class='ocrx_word' id='word_1_257' title='bbox 885 3656 907 3709; x_wconf 87' lang='lat' dir='ltr'>si</span> <span class='ocrx_word' id='word_1_258' title='bbox 937 3668 1016 3711; x_wconf 90' lang='lat' dir='ltr'>recte</span> <span class='ocrx_word' id='word_1_259' title='bbox 1041 3655 1116 3709; x_wconf 86' lang='lat' dir='ltr'>illurn</span> <span class='ocrx_word' id='word_1_260' title='bbox 1142 3653 1287 3728; x_wconf 74' lang='lat' dir='ltr'>Anonymi</span> <span class='ocrx_word' id='word_1_261' title='bbox 1312 3653 1404 3709; x_wconf 86' lang='lat' dir='ltr'>locum</span> 
     </span>
     <span class='ocr_line' id='line_1_31' title="bbox 233 3760 1405 3838; baseline -0.003 -19"><span class='ocrx_word' id='word_1_262' title='bbox 233 3766 435 3838; x_wconf 88' lang='lat' dir='ltr'>interpretatus</span> <span class='ocrx_word' id='word_1_263' title='bbox 463 3781 533 3828; x_wconf 87' lang='lat' dir='ltr'>sum,</span> <span class='ocrx_word' id='word_1_264' title='bbox 564 3781 626 3817; x_wconf 88' lang='lat' dir='ltr'>eam</span> <span class='ocrx_word' id='word_1_265' title='bbox 657 3763 795 3818; x_wconf 87' lang='lat' dir='ltr'>rationem</span> <span class='ocrx_word' id='word_1_266' title='bbox 829 3781 863 3817; x_wconf 86' lang='lat' dir='ltr'>ex</span> <span class='ocrx_word' id='word_1_267' title='bbox 889 3762 998 3817; x_wconf 87' lang='lat' dir='ltr'>Cratini</span> <span class='ocrx_word' id='word_1_268' title='bbox 1022 3762 1224 3835; x_wconf 89' lang='lat' dir='ltr'>antiquissimis</span> <span class='ocrx_word' id='word_1_269' title='bbox 1249 3760 1405 3816; x_wconf 88' lang='lat' dir='ltr'>comoediis</span> 
     </span>
     <span class='ocr_line' id='line_1_32' title="bbox 233 3868 1403 3943; baseline -0.002 -19"><span class='ocrx_word' id='word_1_270' title='bbox 233 3870 419 3926; x_wconf 82' lang='lat' dir='ltr'>derivandam</span> <span class='ocrx_word' id='word_1_271' title='bbox 448 3887 512 3925; x_wconf 86' lang='lat' dir='ltr'>esse</span> <span class='ocrx_word' id='word_1_272' title='bbox 544 3869 673 3934; x_wconf 88' lang='lat' dir='ltr'>traditur,</span> <span class='ocrx_word' id='word_1_273' title='bbox 710 3887 761 3923; x_wconf 85' lang='lat' dir='ltr'>ens</span> <span class='ocrx_word' id='word_1_274' title='bbox 785 3886 888 3924; x_wconf 87' lang='lat' dir='ltr'>causas</span> <span class='ocrx_word' id='word_1_275' title='bbox 912 3882 1064 3943; x_wconf 89' lang='lat' dir='ltr'>postquam</span> <span class='ocrx_word' id='word_1_276' title='bbox 1090 3868 1167 3943; x_wconf 89' lang='lat' dir='ltr'>apud</span> <span class='ocrx_word' id='word_1_277' title='bbox 1191 3869 1314 3922; x_wconf 89' lang='lat' dir='ltr'>animum</span> <span class='ocrx_word' id='word_1_278' title='bbox 1339 3887 1403 3943; x_wconf 88' lang='lat' dir='ltr'>per-</span> 
     </span>
     <span class='ocr_line' id='line_1_33' title="bbox 232 3973 1404 4052; baseline -0.007 -18"><span class='ocrx_word' id='word_1_279' title='bbox 232 3976 328 4052; x_wconf 88' lang='lat' dir='ltr'>pendi,</span> <span class='ocrx_word' id='word_1_280' title='bbox 364 3976 468 4031; x_wconf 88' lang='lat' dir='ltr'>adduci</span> <span class='ocrx_word' id='word_1_281' title='bbox 497 3995 553 4031; x_wconf 93' lang='lat' dir='ltr'>non</span> <span class='ocrx_word' id='word_1_282' title='bbox 584 3995 710 4050; x_wconf 86' lang='lat' dir='ltr'>possum,</span> <span class='ocrx_word' id='word_1_283' title='bbox 748 3988 776 4030; x_wconf 89' lang='lat' dir='ltr'>ut</span> <span class='ocrx_word' id='word_1_284' title='bbox 806 3974 867 4030; x_wconf 88' lang='lat' dir='ltr'>illas</span> <span class='ocrx_word' id='word_1_285' title='bbox 902 3988 1001 4050; x_wconf 88' lang='lat' dir='ltr'>partes</span> <span class='ocrx_word' id='word_1_286' title='bbox 1036 3975 1102 4049; x_wconf 91' lang='lat' dir='ltr'>quia</span> <span class='ocrx_word' id='word_1_287' title='bbox 1127 3975 1257 4030; x_wconf 88' lang='lat' dir='ltr'>trimetro</span> <span class='ocrx_word' id='word_1_288' title='bbox 1282 3973 1404 4029; x_wconf 89' lang='lat' dir='ltr'>iambico</span> 
     </span>
     <span class='ocr_line' id='line_1_34' title="bbox 233 4083 1403 4159; baseline -0.002 -21"><span class='ocrx_word' id='word_1_289' title='bbox 233 4084 410 4159; x_wconf 84' lang='lat' dir='ltr'>compositae</span> <span class='ocrx_word' id='word_1_290' title='bbox 433 4097 506 4152; x_wconf 89' lang='lat' dir='ltr'>sunt,</span> <span class='ocrx_word' id='word_1_291' title='bbox 533 4083 692 4138; x_wconf 88' lang='lat' dir='ltr'>recentiore</span> <span class='ocrx_word' id='word_1_292' title='bbox 717 4095 812 4138; x_wconf 86' lang='lat' dir='ltr'>aetate</span> <span class='ocrx_word' id='word_1_293' title='bbox 836 4094 925 4151; x_wconf 84' lang='lat' dir='ltr'>ortas,</span> <span class='ocrx_word' id='word_1_294' title='bbox 951 4101 1036 4156; x_wconf 82' lang='lat' dir='ltr'>qtram</span> <span class='ocrx_word' id='word_1_295' title='bbox 1060 4095 1160 4157; x_wconf 87' lang='lat' dir='ltr'>partes</span> <span class='ocrx_word' id='word_1_296' title='bbox 1184 4083 1403 4144; x_wconf 85' lang='lat' dir='ltr'>tetrametricas,</span> 
     </span>
    </p>
   </div>
   <div class='ocr_carea' id='block_1_5' title="bbox 231 4189 1404 4265">
    <p class='ocr_par' dir='ltr' id='par_1_6' title="bbox 231 4189 1404 4265">
     <span class='ocr_line' id='line_1_35' title="bbox 231 4189 1404 4265; baseline -0.003 -20"><span class='ocrx_word' id='word_1_297' title='bbox 231 4190 382 4265; x_wconf 88' lang='lat' dir='ltr'>parodum,</span> <span class='ocrx_word' id='word_1_298' title='bbox 412 4209 545 4264; x_wconf 86' lang='lat' dir='ltr'>agonem,</span> <span class='ocrx_word' id='word_1_299' title='bbox 576 4190 688 4245; x_wconf 89' lang='lat' dir='ltr'>ducam.</span> <span class='ocrx_word' id='word_1_300' title='bbox 742 4189 888 4244; x_wconf 83' lang='lat' dir='ltr'>Lurlorum</span> <span class='ocrx_word' id='word_1_301' title='bbox 912 4189 1022 4244; x_wconf 87' lang='lat' dir='ltr'>illorum</span> <span class='ocrx_word' id='word_1_302' title='bbox 1047 4189 1216 4255; x_wconf 89' lang='lat' dir='ltr'>scurrilium,</span> <span class='ocrx_word' id='word_1_303' title='bbox 1246 4189 1293 4262; x_wconf 90' lang='lat' dir='ltr'>qui</span> <span class='ocrx_word' id='word_1_304' title='bbox 1323 4189 1349 4242; x_wconf 90' lang='lat' dir='ltr'>in</span> <span class='ocrx_word' id='word_1_305' title='bbox 1373 4207 1404 4242; x_wconf 87' lang='lat' dir='ltr'>se</span> 
     </span>
    </p>
   </div>
   <div class='ocr_carea' id='block_1_6' title="bbox 0 0 1640 4684">
    <p class='ocr_par' dir='ltr' id='par_1_7' title="bbox 0 0 1640 4684">
     <span class='ocr_line' id='line_1_36' title="bbox 0 0 1640 4684; baseline 0 0"><span class='ocrx_word' id='word_1_306' title='bbox 0 0 1640 4684; x_wconf 95' lang='lat' dir='ltr'> </span> 
     </span>
    </p>
   </div>
  </div>
 </body>
</html>
