3270 4684
771 495 985 568 *3⁸-

289 685 385 730 aetate
420 672 507 728 scribi
541 675 576 729 sit
612 686 755 749 coeptum,
792 687 835 729 est
859 693 967 742 earum,
1003 691 1078 748 (tuae
1113 692 1130 728 a
1166 688 1252 749 poeta
1282 673 1394 729 comico
1422 675 1461 728 ad

289 780 442 854 lyricorum
467 779 641 856 exemplaria
666 779 820 836 artificiose
844 779 1023 858 compositae
1047 795 1120 848 sunt,
1146 799 1181 836 ea
1204 779 1315 835 scilicet
1338 780 1459 849 ratione,

289 899 319 942 ut
342 905 417 962 quae
441 886 630 943 demutantur
653 886 689 942 ad
713 887 875 942 universam
897 885 1022 943 fabulam
1038 885 1252 961 quodammodo
1269 887 1460 963 applicentur.

289 994 418 1062 Quarum
454 993 585 1069 exempla
614 994 641 1048 in
666 993 778 1069 VespiS,
809 993 836 1048 in
861 993 945 1060 Pace,
976 994 1003 1047 in
1030 991 1149 1063 Avibus,
1179 994 1206 1047 in
1230 993 1403 1066 Lysistrata,
1434 993 1461 1048 in

289 1100 497 1156 Ecclesiazusis
520 1115 642 1156 exstant.

379 1207 470 1262 Nimia
499 1225 555 1282 ego
579 1207 710 1270 audeam,
740 1207 763 1262 si
794 1225 829 1262 ex
854 1206 962 1263 Cratini
992 1205 1025 1262 fr.
1054 1205 1114 1278 276
1140 1209 1198 1263 wic
1217 1205 1329 1269 ἐξοὸίους
1347 1209 1408 1275 ὑμῖν
1425 1208 1462 1259 ἵν’

289 1313 360 1368 adivi
382 1317 440 1370 tole
463 1317 556 1382 νόμους
590 1313 763 1369 concludere
798 1313 881 1368 velim
922 1313 1006 1368 exodi
1047 1313 1283 1387 compositionem
1320 1313 1363 1369 vel
1401 1332 1460 1369 rem

290 1422 425 1477 musicam
450 1421 535 1478 fuisse
552 1434 660 1476 certam
676 1420 830 1496 quandam.
863 1417 923 1476 Sed
940 1419 1173 1494 antiquissimum,
1199 1434 1334 1494 quantum
1353 1420 1461 1476 Aristo-

289 1526 402 1604 phanes
424 1528 486 1604 ipse
511 1528 687 1596 meminerat,
712 1527 824 1582 comico
849 1526 940 1582 choro
964 1526 1126 1582 constitisse
1151 1545 1229 1582 usum
1254 1545 1318 1582 cum
1335 1528 1462 1582 carmine

289 1635 413 1692 exeundi
446 1653 483 1690 ex
506 1633 666 1710 Vesparum
691 1634 786 1689 exodo
809 1633 911 1701 elucet,
941 1633 1006 1689 dum
1037 1646 1117 1689 recte
1145 1633 1346 1708 intellegantur
1370 1632 1462 1690 verba

290 1759 339 1797 W·
369 1757 448 1816 ¹535
467 1761 535 1816 sqq:

503 1846 561 1901 att·
581 1847 677 1918 ἐξάγετ’
696 1847 723 1901 εἴ
736 1869 760 1900 τι
779 1846 872 1916 pulait*
891 1846 1042 1916 ὀρχούμενοι
1060 1849 1160 1918 θύραζε

501 1956 569 2024 ὑμᾶς
586 1956 660 2022 ταχὺ·
680 1955 754 2008 τοῦτο
772 1955 822 2026 γὰρ
840 1953 922 2010 οὐδεὶς
940 1973 981 2006 πω
998 1955 1082 2022 πάρος
1100 1953 1217 2023 δέδρακεν

503 2061 656 2130 ὀρχούμενον
674 2055 744 2117 ὅστις
762 2060 913 2128 ἀπήλλαξεν
931 2062 1008 2130 χορὸν
1027 2059 1171 2131 τρυγῳδῶν.

381 2167 509 2223 Adnotat
524 2167 696 2224 scholiasta:
713 2163 847 2239 εἰσέρχεται
865 2169 880 2220 ὁ
897 2167 971 2237 χορὸς
987 2167 1140 2235 ὀρχούμενος
1152 2165 1272 2235 οὐδαμῶς
1285 2166 1313 2220 dd
1325 2166 1461 2238 ἐξέρχεται.

291 2272 350 2332 Sed
374 2293 475 2352 parum
499 2273 635 2330 intellexit
657 2273 824 2342 scholiasta,
849 2273 917 2348 quid
941 2284 1036 2329 mente
1060 2287 1147 2349 poeta
1163 2273 1273 2350 opponi
1288 2273 1365 2329 uelit.
1399 2275 1462 2328 Non

292 2381 383 2438 verbo
415 2381 565 2448 ἀπήλλαξεν
599 2379 801 2457 opponendum
837 2394 901 2436 erat
927 2376 1074 2449 εἰσέρχεται,
1105 2380 1156 2435 sed
1188 2379 1279 2436 verbo
1308 2380 1463 2451 ὀρχούμενον

291 2488 494 2566 opponendum
518 2501 581 2543 erat
604 2485 709 2555 ᾅδοντα.
757 2486 844 2555 Quod
867 2487 941 2542 enim
958 2487 1025 2542 novi
1043 2485 1255 2563 Aristophanes
1272 2487 1298 2542 in
1315 2505 1349 2543 ea
1367 2463 1463 2543 exodo

291 2614 376 2652 ausus
411 2608 463 2664 est,
500 2595 527 2650 id
563 2609 635 2664 erat,
671 2593 747 2669 quod
783 2593 902 2649 chorum
931 2593 1051 2649 saltibus
1079 2593 1292 2663 ridiculissimiS,
1328 2593 1365 2648 ad
1389 2611 1463 2668 riuos

292 2718 410 2759 cantare
444 2701 526 2758 nimis
561 2700 675 2758 difficile
709 2713 781 2770 erat,
818 2719 854 2756 ex
888 2700 1040 2756 orchestra
1076 2719 1140 2756 sese
1169 2700 1353 2776 recipientem
1385 2700 1460 2769 iecit,

291 2809 389 2867 verbis
413 2809 466 2865 illis
489 2808 573 2865 nobis
596 2822 716 2865 testatus
739 2825 803 2864 sese
827 2820 913 2863 antea
937 2826 1052 2884 semper
1076 2807 1181 2862 vidisse
1205 2807 1360 2863 choreutas
1383 2809 1463 2864 exire

292 2931 450 2974 cantantes.
497 2915 535 2972 Et
558 2917 585 2972 in
609 2914 738 2972 Nubibus
761 2916 846 2989 igitur
869 2929 898 2970 et
922 2915 948 2969 in
973 2914 1283 2989 Thesmophoriazusis
1307 2913 1335 2970 id
1350 2915 1462 2970 silentio

292 3023 454 3080 addendum
478 3041 542 3079 esse
566 3023 632 3078 mihi
657 3023 778 3090 videtur,
803 3020 881 3097 quod
905 3021 931 3076 in
948 3020 1030 3076 Pluto
1054 3039 1071 3076 a
1095 3035 1182 3097 poeta
1203 3019 1330 3076 additur:
1358 3020 1398 3076 δεῖ
1413 3025 1465 3092 γὰρ

291 3134 402 3184 κατόπιν
420 3133 516 3183 τούτων
534 3128 647 3197 ᾅδοντας
664 3129 784 3183 ἕπεσθαι.

382 3235 494 3306 Quibus
517 3236 554 3291 de
577 3237 671 3292 causis
694 3236 890 3310 quaestionem
915 3235 1014 3312 paucis
1038 3235 1180 3311 complexi
1206 3235 1333 3290 dicemus
1350 3253 1463 3290 comoe-

293 3345 368 3400 diam
398 3344 523 3400 Atticam
551 3343 704 3418 antiquitus
732 3343 844 3398 solitam
872 3361 936 3398 esse
960 3341 1033 3397 srniri
1057 3361 1140 3397 como
1165 3343 1200 3397 ad
1226 3340 1311 3396 tibias
1335 3354 1461 3410 cantato,

269 3470 328 3507 ,ac
360 3450 582 3506 Wilamowitzio
617 3449 751 3521 (Homer.
786 3449 1044 3524 Untersuchungen
1068 3469 1096 3525 p.
1118 3447 1192 3524 248)
1215 3449 1325 3503 assensi
1348 3447 1371 3503 si
1396 3446 1463 3502 iudi-

293 3558 422 3614 cabimus
460 3575 581 3613 »uasere
616 3556 736 3613 altesteu
771 3556 933 3612 Komodien
969 3555 1062 3612 lassen
1098 3555 1160 3611 ihre
1196 3555 1377 3628 Entstehuug
1412 3573 1463 3608 aus

308 3667 375 3734 ὤμοι
388 3657 408 3746 ¹)
432 3664 508 3720 noch
533 3662 657 3720 deutlich
681 3663 859 3733 erkennen«,
885 3663 1008 3719 exodum
1032 3681 1146 3738 quoque
1170 3660 1374 3738 spectabimus.

383 3771 468 3839 Quod
505 3771 626 3845 denique
654 3769 789 3826 Zielinski
824 3770 993 3826 comoediae
1022 3769 1256 3844 Aristophaneae
1291 3781 1389 3844 partes
1425 3769 1463 3823 ita

293 3877 390 3934 desinit
413 3891 500 3952 atque
524 3875 740 3945 circumscribit,
765 3890 795 3931 ut
815 3877 940 3932 ultimum
957 3875 1116 3952 episodium
1133 3891 1262 3931 actorum
1279 3893 1342 3930 cum
1359 3873 1463 3930 exodio

366 4121 385 4187 ¹)
405 4124 431 4174 ln
451 4125 523 4174 titulo
543 4138 602 4172 vero
622 4123 650 4172 C.
665 4125 686 4172 J.
699 4125 729 4173 A.
750 4124 769 4172 ll
788 4125 837 4172 977
861 4125 965 4172 verbum
984 4121 1067 4184 κῶμοι
1080 4123 1228 4172 vertendum
1242 4135 1301 4169 esse
1315 4123 1463 4178 „leontische

291 4214 392 4264 Chore‘·
412 4213 512 4262 minime
531 4214 589 4262 mihi
610 4213 811 4274 persuadebitur.
