3270 4684
698 543 912 598 „,3.-

213 703 293 778 quod
317 703 450 758 Zielinski
479 702 516 757 ad
542 702 746 778 Aristophanis
776 721 851 777 quae
875 717 989 758 exstant
1013 703 1180 759 comoedias
1203 703 1387 779 paramythia

215 809 316 864 nullius
340 810 473 865 momenti
498 827 555 864 non
578 807 664 864 fuisse
687 810 773 864 etiam
797 808 954 885 philologis
982 810 1009 864 in
1038 808 1197 865 dubitando
1220 808 1388 866 obstinatio-

215 915 295 972 ribus
330 915 419 971 credo
454 915 599 991 probavit.
646 912 707 971 Sed
741 933 795 971 nec
823 915 930 971 chorus
954 917 1137 992 phantastice
1161 917 1292 972 inventus
1315 917 1387 972 sicut

216 1021 347 1092 Nubium,
373 1041 427 1078 nec
451 1023 612 1078 animalium
637 1022 763 1078 inductio
786 1024 860 1078 sicut
882 1021 1055 1099 vesparum,
1086 1023 1199 1092 Avium,
1231 1023 1386 1092 Ranarum,

216 1147 269 1185 nec
305 1129 418 1184 demum
454 1127 550 1184 fabula
586 1128 624 1183 ad
659 1143 828 1204 argumenta
866 1129 1112 1204 paramythiorum
1141 1129 1287 1205 applicata
1316 1129 1388 1184 sicut

215 1236 309 1303 Pacis,
335 1257 350 1290 a
376 1235 526 1291 comoedia
551 1234 668 1311 politica
692 1249 756 1291 sunt
779 1235 883 1292 aliena.

726 1715 812 1770 CAP.
840 1716 871 1769 ll.

307 1981 379 2049 Quis
409 1995 453 2036 est
481 1983 549 2056 quin
572 1981 645 2038 sciat
669 1981 754 2037 luisse
778 1983 932 2056 antiquitus
957 1983 1111 2058 philologis
1136 1982 1238 2037 malam
1264 1999 1388 2050 crucem,

216 2089 295 2162 quod
330 2088 413 2156 ratio,
450 2107 506 2161 qua
543 2089 569 2142 in
598 2089 805 2164 componendis
834 2088 937 2144 fabulis
965 2089 1177 2164 Aristophanes
1205 2089 1304 2156 utitur,
1341 2087 1390 2143 ad-

218 2195 331 2250 modum
368 2207 512 2270 repugnat
538 2213 688 2250 scenarum
712 2195 906 2265 concinnitati,
942 2215 998 2270 qua
1029 2195 1124 2251 fabula
1148 2193 1303 2251 artificiose
1326 2213 1391 2270 per·

217 2301 307 2377 polita
332 2299 420 2356 debet
444 2301 581 2356 instructa
605 2319 679 2357 esse.
720 2303 786 2370 Qua
811 2303 847 2358 de
872 2321 902 2358 re
926 2320 989 2358 eum
1014 2302 1060 2358 alii
1077 2303 1233 2358 sententias
1249 2301 1390 2377 permiras

218 2407 397 2482 protulerunt
420 2419 478 2462 turn
502 2407 537 2463 E.
556 2406 605 2468 W.
623 2409 776 2474 Brentano,
802 2409 849 2483 qui
873 2428 909 2465 eo
933 2409 1071 2476 escendit,
1101 2423 1131 2464 ut
1154 2407 1281 2464 absurda
1306 2407 1390 2463 ratio-

218 2515 361 2571 cinatione
390 2513 520 2569 inductus
548 2513 675 2582 fabulas,
712 2535 786 2589 quae
815 2514 941 2571 feruntur
970 2515 1186 2592 Aristophanis,
1223 2513 1391 2570 subditicias

217 2621 357 2696 quasdam
382 2639 446 2676 esse
471 2618 526 2675 sibi
549 2621 738 2697 persuaderet
762 2622 1033 2698 (Untersuchungen
1049 2621 1122 2678 fiber
1138 2623 1191 2678 (las
1207 2621 1391 2696 griechische

219 2727 336 2782 Drama.
390 2745 415 2783 1.
442 2727 664 2804 Aristophanes
700 2730 791 2802 1871.
820 2763 856 2770 -
886 2730 1097 2806 Aristophanes
1127 2729 1182 2784 und
1208 2727 1389 2796 Aristoteles

218 2833 290 2889 oder
303 2833 375 2890 fiber
387 2833 432 2889 ein
445 2832 634 2908 angebliches
646 2835 829 2912 Privilegium
843 2836 895 2892 der
907 2835 1101 2892 alt-attischen
1114 2836 1265 2891 Komt'ulie.
1286 2835 1342 2906 187
1350 2837 1389 2908 3).

220 2940 310 2996 Annis
334 2939 471 3016 deinceps
502 2939 581 3011 1884
599 2954 628 2996 et
650 2941 728 3015 1885
758 2944 840 2997 trium
866 2942 991 2998 virorum
1008 2943 1158 2999 doctorum
1175 2941 1391 2998 dissertationes

219 3047 314 3102 editae
338 3059 411 3115 sunt,
437 3047 540 3120 quibus
558 3048 761 3124 Aristophanis
785 3067 833 3104 ars
857 3049 1016 3104 dramatica
1041 3049 1134 3105 denuo
1151 3050 1177 3103 in
1194 3049 1390 3123 ‹luaestionem

221 3167 340 3209 vocatur
367 3171 402 3208 ac
432 3173 536 3229 magna
561 3153 717 3230 diligentia,
748 3156 869 3212 diversis
893 3169 987 3212 tamen
1012 3155 1170 3212 rationibus
1195 3166 1390 3231 percensetur.

219 3260 276 3319 Th.
303 3259 436 3315 Zielinski
471 3259 538 3337 (Die
562 3260 739 3338 Gliederung
767 3263 819 3319 der
842 3263 1036 3320 alt-attischen
1060 3262 1214 3332 Komlidie)
1249 3281 1308 3317 rem
1338 3279 1392 3337 pro

219 3367 377 3441 quaerendi
400 3385 517 3440 genere,
544 3370 570 3422 in
594 3389 652 3444 quo
675 3388 795 3446 operam
818 3389 899 3426 suam
916 3370 1020 3446 posuit,
1045 3369 1093 3426 ulti
1116 3370 1196 3425 locus
1212 3368 1237 3424 ei
1255 3367 1393 3424 materiae

220 3473 390 3528 tractandae
415 3473 499 3529 datus
522 3490 575 3540 est,
602 3477 701 3531 iterum
726 3495 760 3532 ac
784 3477 900 3553 saepius
928 3477 1034 3551 tetigit3
1059 3476 1118 3532 Th.
1144 3476 1228 3531 Kock
1253 3476 1391 3531 meritone

220 3579 324 3634 lactum
349 3580 393 3649 sit,
419 3592 448 3634 ut
470 3581 496 3636 in
513 3601 649 3638 summam
667 3583 788 3657 gloriam
807 3583 1019 3659 Aristophanes
1036 3585 1154 3652 veniret,
1180 3581 1391 3638 diiudicandum

220 3686 273 3742 sibi
308 3686 428 3761 sumpsit
462 3687 545 3758 (mus.
576 3689 668 3745 Rhen.
694 3689 832 3757 XXXIX,
858 3710 886 3765 p.
910 3691 967 3745 till
986 3708 1040 3764 sip,
1082 3689 1313 3766 »Aristophanes
1348 3687 1391 3742 als

221 3792 341 3848 Dichter
375 3793 431 3847 und
467 3793 653 3870 Politiker«);
690 3795 741 3852 sed
778 3797 803 3852 in
834 3796 992 3854 fabularum
1017 3816 1091 3872 quae
1116 3799 1234 3872 proprie
1262 3795 1391 3852 dicuntur

222 3898 426 3974 Aristophanis
461 3916 630 3958 concentum
666 3903 919 3979 pervestigandum
954 3922 986 3960 se
1022 3916 1109 3958 totum
1139 3903 1256 3958 contulit
1279 3903 1392 3956 Tertor

220 4005 287 4082 lJDie
312 4005 507 4064 dramatische
531 4009 666 4066 'l'echnik
691 4011 742 4067 des
766 4011 988 4087 Aristophanes.
1036 4008 1139 4066 Stettin
1170 4009 1272 4086 1884).

311 4115 422 4170 'lextor
456 4128 485 4170 et
515 4117 610 4186 Kock,
646 4131 850 4194 praeterquam
885 4117 963 4192 quod
998 4116 1142 4192 plerisque
1178 4116 1390 4173 comoediarum

223 4223 424 4300 Aristophanis
448 4223 475 4278 irl
500 4224 569 4280 vitio
594 4224 671 4294 dant,
701 4224 778 4300 quod
802 4225 911 4280 divisae
935 4237 999 4279 sunt
1024 4225 1049 4278 in
1075 4224 1146 4278 duas
1170 4236 1267 4299 partes
1292 4223 1391 4278 stricto
