3270 4684
677 492 890 546 „17-

191 653 325 722 tudinem,
362 655 468 710 certius
502 671 690 728 personarum
725 671 824 709 semen
853 653 879 706 in
908 652 983 706 cultu
1007 651 1133 728 phatiico
1158 649 1364 725 antiquioribus

190 758 368 834 temporibus
392 759 517 816 infuisse.

280 866 375 940 Atque
398 879 428 922 ut
451 865 488 922 ad
513 867 618 922 exitum
638 866 830 942 perducamus
847 865 1053 940 quaestionem,
1079 883 1164 939 quam
1181 865 1217 920 de
1234 865 1363 920 vasculo·

189 991 249 1028 rum
274 972 372 1048 figuris
396 973 574 1042 instituimus,
600 971 666 1028 illud
690 991 774 1028 unum
798 985 890 1028 restat
905 984 934 1026 ut
951 987 1133 1046 quaeramus,
1158 989 1282 1046 quonam
1298 971 1363 1027 loco

189 1092 270 1135 actos
304 1097 370 1136 esse
401 1097 500 1135 comos
529 1079 592 1134 illos
615 1078 718 1134 coniici
741 1079 841 1155 possit.
890 1079 1053 1134 Fueruntne
1077 1077 1203 1134 adiuncti
1226 1095 1361 1154 pompae,

188 1188 214 1241 in
239 1204 295 1260 qua
319 1187 401 1242 simul
425 1203 488 1241 cum
512 1185 644 1259 Dionyso
667 1185 695 1240 in
719 1203 805 1241 carru
828 1185 924 1240 navali
947 1185 1067 1241 sedente
1091 1179 1268 1266 (Ducmmler
1288 1185 1306 1240 l.
1324 1187 1363 1252 c.)

187 1291 474 1368 circumagebantur?
514 1293 683 1368 Figuratum
713 1291 873 1368 dispositio,
903 1311 989 1366 quam
1017 1292 1044 1346 in
1067 1292 1180 1368 pictura
1204 1291 1363 1367 amphorae

187 1399 380 1456 Berolinensis
414 1418 461 1454 no.
496 1398 576 1473 1830
612 1397 812 1468 observamus,
849 1417 885 1455 ne
920 1398 956 1454 de
985 1399 1101 1473 agmine
1124 1417 1177 1474 per
1200 1396 1300 1453 urbem
1325 1399 1362 1454 in-

187 1506 307 1562 cedente
332 1507 500 1580 cogitemus,
526 1523 582 1561 non
607 1505 734 1581 impedit.
766 1505 844 1560 Tota
870 1523 941 1561 vero
965 1523 1039 1579 quae
1063 1505 1171 1561 eruitur
1193 1523 1229 1560 ex
1245 1505 1363 1580 picturis

186 1626 345 1688 apparatus
368 1613 475 1669 scenici
499 1611 640 1688 perfectio
663 1612 759 1682 efficit,
785 1626 815 1667 ut
838 1629 938 1669 comos
962 1611 1025 1668 illos
1045 1612 1101 1667 iam
1119 1625 1199 1668 certo
1216 1612 1282 1668 loco
1297 1630 1362 1668 esse

186 1731 268 1774 actos
291 1732 398 1796 putem.
446 1719 546 1788 Quare
574 1718 643 1775 nihil
668 1719 723 1774 iam
748 1718 838 1775 habet
862 1719 933 1789 miri,
964 1717 1042 1792 quod
1066 1719 1103 1774 G.
1129 1718 1311 1774 Oehmichen
1335 1719 1361 1774 in

186 1826 435 1895 commentatione,
464 1845 550 1899 quam
575 1826 747 1901 conscripsit
771 1825 806 1882 de
823 1826 903 1880 tituto
920 1825 953 1886 C.
971 1825 996 1900 J
1015 1825 1051 1880 A.
1077 1825 1101 1880 11
1119 1841 1181 1900 977
1201 1826 1218 1894 i,
1236 1823 1272 1892 K,
1290 1844 1325 1894 w,
1343 1844 1361 1880 v

185 1928 467 2007 (Sitzungsberichte
491 1933 518 1988 d.
538 1932 635 1988 Akad.
661 1933 689 1988 d.
709 1931 756 1988 W.
775 1951 808 1987 zu
826 1933 969 1988 Mt'tnchen
991 1929 1082 2008 1889,
1108 1931 1160 1988 Bd.
1179 1931 1212 2001 tt,
1238 1951 1266 2008 p.
1289 1929 1361 2010 164)

185 2038 222 2093 ad
246 2057 349 2094 annum
375 2039 435 2096 iere
460 2038 522 2111 478
540 2057 567 2094 a.
586 2040 655 2096 Chr.
673 2039 839 2095 lenaeorum
860 2039 1046 2095 certaminum
1064 2039 1238 2095 comicorum
1255 2039 1360 2094 initium

185 2145 365 2202 referendum
401 2165 467 2202 esse
495 2147 661 2202 coniectura
691 2145 799 2222 colligit
811 2144 842 2218 1).
890 2145 966 2214 Quin
996 2146 1082 2201 etiam
1110 2165 1146 2202 ex
1171 2159 1273 2201 natura
1297 2162 1361 2202 esse

185 2269 279 2308 retum
308 2252 435 2310 dicemus
458 2266 562 2330 poetas
587 2255 723 2318 comicos
748 2253 914 2329 priusquam
938 2251 1056 2328 publico
1080 2265 1193 2328 sumptu
1210 2251 1362 2308 comoedia

257 2495 276 2562 ¹)
304 2500 380 2563 Quod
410 2499 566 2551 Oehmichen
594 2501 609 2549 7.
630 2515 651 2548 c.
681 2501 811 2549 contendit
839 2500 914 2549 etiam
942 2501 975 2549 de
1002 2515 1071 2549 anno
1090 2501 1142 2550 478
1171 2499 1219 2548 dici
1246 2500 1361 2562 potuisse

185 2584 251 2652 ,cipe
262 2590 350 2650 norff,
371 2593 494 2652 quantum
514 2593 604 2638 attinet
622 2590 655 2637 ad
676 2589 829 2649 tragicorum
841 2589 949 2651 primum
963 2593 1098 2648 certamen,
1118 2587 1179 2638 nihil
1192 2590 1269 2638 habet
1282 2588 1360 2638 dubii.

183 2677 232 2727 Sed
252 2679 328 2728 atium
347 2679 476 2741 quendum
498 2679 646 2741 scrupulum
665 2691 724 2726 eum
736 2677 848 2741 oportuit
862 2679 976 2727 eximere.
1004 2677 1061 2727 Veri
1075 2677 1141 2726 enim
1154 2683 1194 2726 cst
1207 2677 1359 2726 simillimum

183 2766 317 2816 Chionidis
337 2771 361 2815 et
379 2767 509 2829 Magnetis
537 2771 646 2816 aetatem
669 2767 703 2830 ad
722 2765 820 2816 initium
839 2767 983 2816 certaminis
1003 2767 1092 2816 comici
1111 2767 1268 2816 referendam
1287 2780 1359 2824 esse;

183 2861 249 2904 recte
267 2855 439 2904 Wilamowitz
459 2855 575 2916 (Hermes
596 2854 663 2916 XXI,
691 2868 716 2917 p.
740 2855 792 2903 ⁶13
814 2856 875 2905 adn.
897 2855 931 2920 2),
952 2855 1114 2918 coniungens
1133 2857 1216 2905 locum
1235 2855 1305 2906 Poet.
1325 2853 1359 2903 V:

182 2939 258 3008 χορὸν
285 2936 417 3006 κωμῳδῶν
444 2937 556 3009 &pertore
583 2939 597 2992 h
625 2937 714 3010 ἅρχων
733 2938 827 2993 ἔδωκεν
845 2950 869 2994 et
888 2944 957 2995 Poet.
976 2943 1017 2994 111:
1045 2938 1203 3010 Ἐπίχαρμος
1222 2939 1235 2991 ὃ
1253 2939 1360 3005 ποιητὴς

181 3025 270 3093 πολλῷ
288 3029 412 3098 πρότερος
430 3023 467 3078 ὥν
477 3025 608 3080 Χιωνίδου
627 3034 672 3080 καὶ
690 3031 840 3098 Μάγνητος,
860 3033 947 3082 vertit:
969 3033 1072 3095 ,Lange
1091 3033 1156 3082 nach
1170 3033 1304 3096 Epicharin
1317 3033 1360 3082 hat

182 3122 227 3170 der
245 3122 347 3170 Archon
367 3127 453 3170 zucrst
472 3122 553 3171 ciuem
573 3121 693 3172 Komilter
711 3123 784 3173 einen
804 3123 872 3172 Chor
890 3121 1031 3185 gegeben.
1059 3121 1150 3184 Quaeri
1171 3122 1246 3184 igitur
1264 3121 1359 3181 debuit,

182 3225 242 3258 num
273 3225 367 3259 annum
399 3211 452 3261 478
483 3217 605 3274 spectans
633 3211 782 3261 Aristoteles
813 3212 896 3261 dicere
923 3197 1048 3274 potuerit:
1085 3205 1241 3276 Ἐπίχαρμος
1271 3203 1359 3271 πολλᾷ

180 3296 303 3364 πρότερος
315 3291 358 3345 ὤν.
391 3299 529 3362 Postquam
544 3299 666 3358 Mainake,
681 3315 755 3363 quem
766 3301 880 3364 sequitur
892 3299 1066 3349 Wilamowitz
1081 3301 1106 3364 tl.
1121 3301 1164 3361 c.),
1184 3315 1241 3350 eam
1260 3307 1358 3349 contro·

181 3389 290 3437 versiam
303 3388 338 3436 ita
350 3387 510 3453 disceptavit,
525 3394 552 3437 ut
566 3387 710 3450 Magnetem
725 3394 749 3438 et
762 3388 912 3439 Chionidem
925 3389 993 3438 eirca
1006 3404 1102 3439 annum
1115 3387 1168 3438 460
1177 3404 1199 3437 a
1212 3389 1271 3438 Chr.
1284 3389 1357 3438 floru-

180 3477 233 3527 isse
252 3477 355 3537 diceret,
378 3482 444 3526 recte
463 3477 561 3526 Lorenz
581 3473 727 3542 (Epicharin
746 3493 770 3542 p.
791 3478 824 3528 53
845 3479 895 3540 sq.)
915 3479 1038 3528 rationem
1057 3477 1179 3540 apposuit
1198 3491 1269 3538 eam,
1289 3478 1358 3541 quod

181 3567 329 3616 Aristoteles
354 3581 384 3614 en
403 3567 460 3615 ioco
480 3581 531 3614 non
551 3567 612 3616 dicit
630 3573 747 3626 aetatem,
775 3581 827 3630 qua
845 3567 981 3632 Syracusis
1005 3567 1090 3616 floruit
1108 3564 1283 3629 Epicharmus,
1313 3569 1357 3615 sed

180 3669 245 3713 eam,
273 3669 323 3718 qua
343 3655 463 3718 Megarae
491 3655 638 3705 comoedias
668 3657 777 3705 scrihere
805 3655 895 3720 coepit.
934 3655 1017 3718 Quam
1039 3655 1184 3719 opinionem
1204 3655 1358 3718 gravissimo

180 3751 330 3806 argumento
349 3744 471 3792 adiuvare
490 3743 601 3806 neglexit
621 3745 727 3804 borant,
747 3759 804 3794 eam
823 3745 889 3804 dico,
910 3746 979 3808 quod
993 3745 1142 3794 Aristoteles
1157 3745 1199 3793 illo
1212 3746 1270 3794 loco
1283 3745 1359 3794 tradit

181 3832 348 3896 Megarenses
368 3833 500 3897 Hyblaeos
518 3833 667 3883 comoediae
686 3833 859 3884 inventionem
878 3833 927 3882 sibi
947 3833 1102 3884 vindicasse.
1140 3831 1231 3898 Quare,
1251 3834 1273 3882 si
1292 3834 1358 3883 circa

179 3935 275 3972 annum
294 3920 346 3972 478
374 3921 520 3984 Magnetem
549 3927 573 3971 et
600 3922 751 3972 Chionidem
779 3923 927 3972 comoedias
955 3923 1066 3972 scribere
1088 3923 1206 3986 coepisse
1229 3923 1357 3986 ponimus,

180 4011 330 4060 Aristoteles
350 4011 432 4060 dicere
451 4012 534 4074 potuit
552 4026 647 4061 aunum
667 4013 719 4061 478
739 4027 762 4062 a.
783 4012 840 4062 Chr.
860 4015 995 4076 spectans:
1015 4005 1171 4077 Ἠιίχαρμος
1188 4005 1278 4072 πολλῷ
1294 4009 1358 4078 ripi-

181 4115 253 4166 rtpoc
272 4093 309 4147 dv
328 4091 458 4147 Χιωνίὸου
477 4099 522 4146 καὶ
541 4097 697 4164 didymos:
717 4101 883 4165 Epicharmus
901 4102 980 4150 multo
1000 4107 1058 4150 ante
1077 4100 1221 4164 Magnetem
1241 4106 1265 4150 et
1283 4101 1358 4152 Chio·

181 4191 266 4239 nidcm
286 4188 433 4238 comoedias
453 4189 563 4237 scribere
582 4191 673 4255 coepit.

1161 4281 1176 4314 n
