3270 4684
710 515 902 571 ,7-

222 693 294 735 tram
330 697 511 748 conversum,
548 677 636 754 pallio
672 677 807 744 indutum,
844 675 921 732 tibiis
949 689 1110 732 canentem.
1159 677 1188 731 ln
1217 689 1313 732 mento
1336 677 1397 732 eius

222 783 296 841 linea
324 784 412 842 rubra
441 785 527 842 ducta
554 795 600 842 est
622 784 696 840 sicut
719 785 745 840 in
770 784 874 860 prioris
897 783 1027 860 picturae
1051 781 1177 840 tibicine.
1225 780 1396 838 Saltantium

221 891 332 966 figurae
348 891 482 968 depictae
497 905 563 948 sunt
578 889 662 960 duae,
687 890 726 946 ad
742 889 872 946 dextram
889 889 1028 960 directae,
1053 887 1183 946 faciebus
1198 889 1237 945 ad
1252 887 1396 945 sinistram

223 999 250 1052 in
284 997 371 1054 altum
407 998 531 1058 retortis.
580 998 610 1053 In
638 995 761 1072 genibus
789 1009 899 1066 ternae,
936 997 963 1052 in
991 995 1135 1073 capitibus
1158 995 1263 1070 quinae
1287 1013 1398 1070 eaeque

222 1104 329 1162 rubrae
352 1123 480 1180 pennae3
510 1104 547 1160 ad
572 1104 706 1170 lacertos,
731 1103 778 1177 qui
803 1104 829 1158 in
854 1103 947 1158 altero
970 1103 1109 1160 saltatore
1132 1102 1297 1160 tenuissima
1324 1102 1397 1158 linea

222 1211 292 1288 picti
319 1225 393 1280 sunt,
429 1211 494 1268 alae
524 1210 670 1286 alligatae.
720 1211 749 1265 ln
780 1210 881 1266 mentis
907 1209 1038 1284 singulae
1061 1210 1154 1266 lineae
1178 1211 1259 1286 ipsae
1283 1227 1398 1283 quoque

222 1315 328 1374 rubrae
363 1317 401 1373 ad
436 1317 597 1394 exemplum
632 1316 700 1392 galli
729 1315 842 1373 barbae
870 1315 993 1373 effectae
1017 1317 1240 1394 conspiciuntur.
1288 1318 1397 1374 Lineae

223 1425 363 1500 parvulae
386 1425 432 1480 vel
456 1424 602 1500 punctilla,
627 1423 730 1498 quibus
754 1424 900 1498 utriusque
924 1441 1030 1501 corpus
1054 1425 1168 1499 tegitur,
1197 1425 1310 1501 plumas
1337 1425 1398 1481 sine

223 1530 311 1588 dubio
335 1531 470 1587 indicant.
504 1532 580 1588 lnter
603 1549 687 1586 crura
712 1530 833 1586 caudam
858 1531 953 1606 pictor
973 1529 1111 1606 effingere
1127 1530 1253 1587 voluisse
1270 1532 1396 1602 videtur,

223 1638 251 1692 in
274 1639 366 1694 altero
390 1637 529 1694 choreuta
555 1637 678 1712 ligamen
701 1637 792 1692 oculis
816 1656 927 1707 cernes,
964 1655 1022 1710 quo
1050 1637 1142 1693 cauda
1172 1638 1279 1694 circum
1308 1655 1398 1694 coxas

223 1744 319 1800 vincta
354 1759 407 1801 est.
465 1745 510 1800 Ex
545 1744 661 1800 lacertis
695 1744 866 1800 tenuissimis
901 1744 982 1800 lineis
1010 1744 1160 1801 delineatis
1187 1756 1218 1800 et
1243 1763 1281 1800 cx
1304 1743 1397 1799 cauda

223 1871 313 1926 usque
336 1852 374 1908 ad
398 1869 488 1906 coxas
512 1851 668 1927 conspicua
692 1853 831 1927 pictorem
857 1851 977 1906 alteram
1001 1849 1121 1926 figuram
1144 1863 1263 1926 atergo
1281 1869 1397 1927 reprae-

223 1973 338 2016 sentare
362 1958 504 2014 studuisse
529 1976 585 2013 non
610 1957 709 2014 iniuria
733 1958 796 2032 quis
820 1957 946 2032 colligat.

312 2065 391 2122 Cecil
415 2063 508 2120 Smith
532 2064 660 2133 rationis,
686 2082 743 2138 qua
766 2064 894 2140 picturas
918 2063 981 2120 illas
1003 2062 1059 2120 sibi
1083 2063 1310 2121 considerandas
1333 2082 1399 2120 esse

223 2173 344 2249 putavit,
380 2189 518 2228 summam
543 2169 610 2228 fecit
634 2170 714 2228 hisce
739 2170 845 2240 verbis,
883 2170 899 2226 l.
926 2189 951 2226 c.
980 2191 1010 2247 p.
1034 2189 1111 2245 311:
1152 2170 1322 2246 »Although
1349 2170 1399 2226 the

224 2297 310 2336 vases
344 2277 446 2334 before
472 2297 506 2334 us
533 2297 585 2334 are
616 2277 720 2351 hardly
749 2297 783 2334 so
808 2277 864 2334 late
892 2295 925 2333 as
953 2277 1002 2334 the
1031 2277 1098 2334 date
1121 2276 1156 2333 ol
1176 2278 1397 2354 Aristophanes,

224 2386 294 2459 they
319 2404 395 2459 may,
427 2385 438 2440 l
462 2385 553 2455 think,
583 2383 621 2440 be
644 2385 775 2454 schown,
811 2397 841 2440 to
865 2385 958 2440 throw
983 2382 1118 2441 valuable
1142 2385 1215 2460 light
1238 2385 1265 2440 in
1289 2385 1399 2441 certain

224 2493 319 2568 points
342 2491 375 2547 of
395 2491 483 2548 detail
506 2508 543 2546 on
567 2491 616 2547 the
640 2491 741 2546 drama
765 2490 798 2546 ol
818 2491 867 2548 the
889 2490 956 2546 best
976 2489 1082 2546 known
1098 2489 1132 2548 ol
1145 2491 1289 2548 Athenian
1305 2509 1400 2548 come-

225 2599 335 2656 diansm
379 2599 474 2666 Quam
501 2599 660 2672 quaerendi
683 2599 823 2654 rationem
847 2598 942 2654 iniisse
966 2598 1020 2654 etsi
1042 2617 1098 2654 non
1122 2598 1193 2654 satis
1218 2596 1398 2668 habebimus,

227 2719 322 2762 tamen
347 2706 434 2780 digna
459 2705 506 2762 illa
530 2705 652 2774 videtur,
677 2723 763 2778 quarn
787 2705 961 2778 aliquamdiu
984 2723 1147 2778 sequamur.

313 2811 458 2869 Wieseler
482 2812 509 2867 in
533 2809 640 2882 libello,
665 2812 713 2886 qui
737 2811 901 2869 inscribitur
928 2812 1126 2868 »Adversaris
1151 2813 1177 2867 in
1195 2811 1399 2888 Aristophanis

226 2919 306 2975 Aves
329 2933 358 2975 et
375 2918 514 2992 Aeschyli
530 2919 765 2986 Prometheum«,
791 2939 827 2974 ex
850 2918 991 2974 nonnullis
1008 2917 1149 2989 versibus,
1174 2919 1221 2992 qui
1245 2929 1400 2974 occurrunt

224 3028 251 3082 in
268 3025 473 3103 Aristophanis
490 3025 610 3092 Avibus,
628 3025 756 3102 probare
773 3039 894 3082 conatur
909 3025 1025 3094 λόφωσιν
1041 3026 1186 3102 pertinere
1202 3025 1240 3081 ad
1256 3025 1396 3094 sandalia

224 3151 281 3189 non
304 3133 342 3188 ad
366 3133 470 3188 cristas
494 3133 706 3189 choreutarum.
754 3133 816 3188 Non
840 3133 969 3206 singulos
993 3132 1073 3189 locos
1096 3145 1233 3202 retracto,
1263 3133 1314 3188 sed
1343 3132 1399 3188 cui-

225 3259 336 3313 cunque
359 3239 472 3308 maman
495 3238 600 3296 dubiae
623 3238 840 3314 significationis
864 3239 976 3296 videtur
997 3238 1126 3308 verbum,
1151 3258 1215 3295 eum
1232 3238 1317 3296 iubeo
1333 3255 1399 3295 con-

225 3346 356 3422 templari
392 3345 546 3421 figurarum
582 3358 744 3402 nostrarum
780 3346 877 3422 capita
906 3347 996 3402 vastis
1023 3347 1125 3422 pennis
1155 3345 1326 3423 conspicua:
1363 3363 1399 3400 en

226 3451 318 3508 habes
342 3453 457 3522 λόφωσιν
483 3451 532 3524 (cl.
564 3451 631 3509 Alb.
662 3452 777 3524 Miiller,
807 3453 927 3510 Griech.
954 3453 1250 3522 Bdhuenaltertfitner,
1279 3473 1308 3528 p.
1336 3469 1351 3507 2
1358 3467 1396 3525 57

226 3559 293 3620 adn.
322 3560 362 3634 3).

314 3665 441 3722 Musicos
464 3666 492 3722 in
516 3665 628 3722 Avibus
652 3683 794 3742 personas
817 3679 950 3741 gestasse
974 3679 1097 3722 constat.
1146 3666 1260 3742 Figuris
1284 3667 1398 3736 nostris,

225 3789 374 3846 quousque
409 3773 506 3828 musici
542 3773 689 3849 personati
724 3791 790 3828 esse
818 3773 971 3848 potuerint,
1008 3773 1173 3830 illustratur.
1224 3773 1342 3828 Pallium
1372 3773 1399 3828 in

226 3878 340 3936 musicis
363 3880 496 3936 usitatum
520 3898 576 3935 non
600 3879 691 3949 deest,
728 3898 820 3952 neque
856 3880 958 3936 desunt
986 3879 1073 3936 tibiae
1102 3897 1226 3954 magnae
1254 3879 1397 3954 geminae.

226 3984 378 4054 Wieseler,
415 3986 432 4041 l.
462 4005 488 4042 c.
519 4005 547 4062 p.
572 3985 622 4059 52,
658 4004 712 4063 pro
748 3999 843 4042 rostro
873 3986 958 4043 tibias
987 3987 1100 4043 musicis
1129 3985 1214 4044 luisse
1242 3986 1398 4042 contendit.

226 4090 279 4148 Cui
308 4089 386 4159 libet,
423 4092 541 4148 vasculo
566 4091 742 4148 Berolinensi
777 4091 896 4168 probari
926 4093 1000 4148 banc
1024 4093 1217 4149 coniecturam
1242 4092 1336 4166 dicat,
1372 4093 1400 4148 in

225 4198 377 4255 oenochoc
406 4217 476 4255 vero
507 4199 596 4255 musci
620 4199 774 4254 Britannici
803 4217 860 4274 ego
888 4215 957 4275 puto
986 4199 1131 4255 tibicinem
1159 4201 1245 4255 rostri
1272 4200 1401 4275 speciem
