3270 4684
665 511 880 564 ,41-

176 673 285 748 dialogi
316 671 466 728 dramatici
492 671 601 728 habent
625 673 743 748 stirpem
768 693 802 728 ac
827 691 934 741 semen,
967 672 995 728 id
1019 673 1167 748 proprium
1191 685 1244 743 est,
1276 674 1352 748 quod

179 779 256 835 initio
279 797 412 835 sermone
435 779 570 855 prosario
594 779 746 854 compositi
769 791 843 834 sunt.
884 779 960 834 Tum
983 797 1019 834 eo
1042 779 1204 855 procedunt
1226 792 1256 835 ut
1279 799 1354 854 quae

178 885 291 961 agenda
315 886 381 956 sint,
406 906 423 941 a
447 898 535 962 poeta
560 883 761 942 describantur
771 881 803 966 ¹),
832 885 944 960 singula
969 897 1063 942 autem
1088 885 1245 955 actoribus
1270 906 1354 962 prae-

180 993 260 1068 cipue
283 992 504 1068 protagonistae
528 991 699 1048 invenienda
725 1005 842 1063 restent,
873 990 901 1047 id
931 991 1009 1066 quod
1034 992 1168 1048 Italorum
1193 994 1354 1049 commedia

128 1177 131 1188 Ι
182 1099 243 1156 neh*
268 1112 330 1154 arte
355 1099 450 1154 docet.
483 1098 554 1155 Cum
579 1098 615 1154 de
640 1099 790 1154 comoedia
816 1099 914 1154 Attica
938 1098 1054 1173 antiqua
1071 1099 1175 1173 agitur,
1202 1099 1229 1154 id
1245 1111 1352 1155 tantum

181 1205 371 1279 «quaerendum
396 1219 450 1274 est,
475 1225 532 1280 quo
557 1217 688 1282 tempore
712 1225 728 1261 a
753 1224 886 1262 sermone
911 1206 1043 1280 prosario
1067 1219 1196 1261 actorum
1222 1195 1353 1281 dialogus

178 1312 215 1367 ad
238 1311 304 1367 illud
329 1315 424 1382 μέτρον
442 1311 675 1366 διαλεκτικώτατον
705 1330 878 1388 progressus
902 1312 947 1380 sit,
973 1313 1017 1366 cui
1033 1311 1193 1386 quaestioni
1210 1331 1353 1386 nunquam

180 1418 349 1494 responderi
373 1420 488 1494 poterit.

266 1525 350 1594 Quae
373 1527 397 1581 si
421 1538 501 1582 tenes
525 1545 560 1581 ac
584 1526 608 1581 si
632 1526 811 1581 cantationes
839 1538 868 1580 et
892 1525 1060 1581 saltationes
1090 1526 1172 1581 chori
1195 1526 1354 1600 antiquissi-

178 1653 247 1701 mas,
273 1631 448 1708 parabasim,
473 1631 640 1708 parabasim
665 1633 796 1700 alteram,
821 1634 938 1688 stasima
963 1632 1103 1707 scoptica,
1129 1631 1250 1688 exodum
1276 1633 1353 1688 deni·

176 1757 232 1814 que
249 1740 335 1795 sumis
352 1759 415 1796 esse
432 1754 577 1814 tamquam
594 1752 693 1815 partes
708 1740 850 1815 poematis
868 1739 987 1810 chorici,
1012 1750 1042 1794 ut
1058 1738 1239 1794 Germanicis
1256 1737 1353 1795 verbis

176 1859 254 1912 utar,
296 1845 488 1902 »Abschnitte
523 1847 601 1902 eines
636 1847 856 1922 Tunzpocms‚t
903 1845 984 1902 illac
1023 1859 1145 1922 partes
1179 1845 1353 1902 scurriles

176 1965 361 2028 praestant
386 1953 577 2008 interludia
610 1955 699 2008 inter
728 1953 826 2008 chori
859 1952 960 2008 ludos
989 1953 1200 2029 interposita
1231 1972 1295 2008 eam
1325 1965 1353 2006 ut

177 2058 287 2115 habens
311 2061 460 2125 rationem,
485 2079 571 2134 quam
595 2077 682 2136 supra
707 2062 733 2114 in
758 2060 877 2115 aliarum
901 2059 1027 2134 gentium
1053 2061 1131 2135 poesi
1157 2061 1268 2114 comica
1286 2077 1352 2114 con-

177 2166 305 2241 templati
329 2185 433 2220 sumus.
482 2164 687 2221 Parabases
723 2167 832 2240 igitur
861 2181 894 2223 et
922 2166 1068 2222 stasima
1097 2167 1262 2241 scuptica
1287 2185 1352 2220 non
1385 2171 1395 2367 p

175 2288 255 2328 sunt
281 2271 521 2345 interludia,²)
545 2272 604 2327 sed
628 2287 786 2328 actorum
811 2287 865 2329 est
889 2275 1048 2329 actiones
1073 2273 1173 2328 chori
1190 2273 1352 2346 Dionysii

177 2379 250 2435 suis
289 2379 494 2435 interludiis
541 2379 796 2455 interrumpere
836 2399 874 2436 ac
913 2379 1117 2436 comoediae
1157 2379 1353 2454 originalis
1389 2412 1392 2447 t

177 2487 329 2561 vestigia
354 2505 419 2542 non
444 2500 523 2542 ante
548 2485 767 2561 parahasim,
793 2486 855 2542 sed
881 2487 963 2543 inde
987 2509 1003 2542 a
1029 2485 1222 2563 parathasis
1247 2487 1352 2542 initio
1390 2454 1396 2527 i
1443 2475 1480 2540 it*

177 2593 379 2649 comoediae
406 2593 698 2670 Aristophanene
723 2595 896 2670 impressa
919 2609 1007 2649 sunt.

266 2701 350 2768 Quae
386 2720 448 2758 cum
478 2703 662 2776 opposuerim
692 2701 835 2756 Zielinskii
864 2702 999 2776 opinioni,
1037 2701 1108 2757 redii
1136 2701 1172 2756 nd
1198 2720 1260 2756 eam
1287 2704 1352 2756 ima·

250 2871 268 2940 ¹)
288 2877 404 2939 ,ltagncs
434 2878 480 2925 etsi
510 2877 616 2925 docendi
637 2891 716 2926 causa
736 2877 883 2926 comoedias
903 2876 1058 2940 perscripsit,
1087 2883 1172 2925 tamen
1193 2878 1268 2924 credo
1288 2890 1351 2924 nuu-

176 2981 252 3028 quam
272 2967 341 3014 libris
362 2967 496 3014 innodatas
516 2965 541 3014 iu
561 2967 641 3014 lucem
662 2966 748 3014 edidit.
781 2965 965 3015 Grammaticos
988 2966 1088 3028 spurias
1108 2973 1206 3014 tantum
1226 2966 1352 3028 qttnsdam

177 3054 277 3104 fabulas
298 3057 416 3103 manibus
435 3055 548 3102 tenuisse
569 3061 676 3103 testatur
695 3057 847 3118 anonymus
867 3055 896 3103 lli
917 3052 1065 3119 (huebner).
1092 3054 1159 3116 Quin
1179 3055 1254 3102 etiam
1274 3055 1351 3102 verbu

177 3143 354 3205 Aristophanis
376 3143 437 3206 liqu.
458 3143 505 3193 5¹21
528 3134 555 3192 iic
574 3136 682 3189 πλεῖστα
702 3141 784 3206 χορῶν
802 3141 854 3190 τῶν
872 3136 1023 3191 ἀντιπάλων
1041 3139 1112 3203 νίκης
1134 3138 1222 3204 ἔστησε
1242 3142 1352 3206 τροπαῖα

178 3232 235 3279 mihi
256 3247 307 3280 non
327 3248 394 3281 mera
413 3232 570 3296 periphrasis
589 3232 707 3280 videntur
727 3247 792 3286 csse.
816 3233 861 3280 sed
881 3232 957 3281 exiis
971 3232 1086 3294 colligere
1100 3234 1183 3282 audeo
1197 3233 1271 3282 ctiam
1286 3234 1352 3282 circa

177 3334 271 3368 annum
291 3323 343 3368 424
363 3337 385 3369 a.
400 3321 457 3369 t'hr.
488 3321 547 3368 nihil
573 3321 620 3370 nisi
645 3327 809 3370 monumenta
832 3321 966 3383 choregica
986 3322 1018 3369 nd
1039 3323 1182 3385 hlagnetem
1202 3324 1352 3384 pertinentia

177 3409 274 3470 reliqua
295 3409 381 3458 tuisse
414 3409 601 3472 l’hilotogorum
622 3416 646 3458 et
666 3410 826 3472 antiquorum
847 3415 871 3458 et
889 3411 1056 3476 recentiorum
1076 3425 1143 3460 error
1156 3411 1278 3474 originem
1294 3412 1351 3458 mihi

179 3497 278 3545 videtur
296 3499 406 3546 traxisse
426 3500 459 3546 ab
480 3513 518 3555 eo,
538 3501 607 3560 quod
627 3499 732 3547 Aristot.
752 3499 821 3550 i'oet.
845 3501 932 3548 144911
953 3500 994 3556 37,
1020 3500 1115 3548 minore
1138 3502 1272 3548 vorborum
1292 3501 1351 3548 suh·

177 3585 265 3632 tilitatc
294 3600 358 3634 usus
387 3587 459 3635 dicit:
483 3579 552 3646 ''t-tls
582 3581 608 3634 tt
638 3584 756 3650 σχὴιιατά
780 3603 838 3633 τινα
857 3583 937 3648 αὐτῆς
957 3583 1061 3650 ἐχοί·σης
1079 3579 1104 3634 oi
1122 3582 1253 3651 λεγόμενοι
1274 3582 1353 3646 αὐτῆς

177 3675 282 3733 ποιηταὶ
301 3671 515 3737 μνημονεύονται,
544 3691 575 3725 cs
604 3677 698 3738 quibus
726 3677 812 3725 verbis
841 3677 912 3726 facile
942 3678 1076 3740 colligeres
1104 3691 1160 3726 eum
1181 3676 1308 3738 Magnetis
1328 3683 1352 3725 ct

176 3761 309 3812 Chionidis
337 3764 485 3814 comoedias
514 3765 630 3814 manibus
660 3766 782 3814 tenuisse.
820 3765 955 3828 Nunquam
980 3781 1036 3816 cum
1057 3765 1098 3814 illa
1119 3763 1237 3827 σχήματα
1259 3767 1351 3826 legisse

176 3863 258 3913 neque
277 3853 302 3901 id
323 3854 405 3902 dicere
425 3853 539 3904 voluisse
559 3854 607 3902 illis
627 3855 712 3903 verbis
732 3855 791 3904 mihi
811 3860 851 3904 est
870 3869 1029 3918 persuasum.

247 3933 268 3992 ²l
287 3943 371 4004 Agthe
390 3943 415 3990 in
435 3942 526 4000 libello,
555 3943 599 4004 qui
618 3943 764 3994 inscribitur
792 3944 855 4004 „Die
874 3944 1002 3993 Parabase
1026 3947 1079 3994 und
1099 3945 1139 3993 dic
1158 3945 1351 3994 Zwischenaktc

173 4029 219 4074 der
247 4031 419 4080 alt-attischen
448 4031 590 4079 Komiidie‘*
620 4033 755 4096 praecipue
784 4049 840 4082 eam
869 4032 985 4082 adhibuit
1010 4039 1034 4081 et
1058 4035 1165 4097 probare
1185 4042 1294 4084 conatus
1313 4040 1352 4084 est

174 4118 379 4180 appellationem,
400 4135 465 4182 quac
485 4121 622 4182 repetenda
644 4121 812 4172 videturesse
826 4139 841 4170 a
855 4121 961 4171 Platonii
975 4122 1129 4184 delinitione,
1149 4123 1191 4185 qui
1205 4125 1351 4186 parabasim

174 4203 302 4267 interponi
323 4209 383 4256 dicit
403 4205 436 4257 ὡς
455 4203 488 4254 ἂν
505 4202 541 4271 μὴ
561 4205 591 4254 τὸ
611 4207 725 4274 θέατρον
743 4202 759 4277 ᾖ
779 4207 852 4258 κενὸν
871 4211 915 4257 καὶ
934 4206 948 4255 h
968 4204 1049 4272 δῆμος
1068 4206 1146 4274 ἀργὸς
1165 4209 1317 4272 καθέζηται,
