3270 4684
300 1260 359 1382 Ex
383 1327 501 1402 picturis
524 1343 659 1382 vasorum
683 1323 817 1395 fictilium,
848 1344 911 1380 cum
935 1326 991 1382 iam
1015 1325 1126 1400 singula
1150 1343 1248 1381 eorum
1272 1343 1381 1400 genera

209 1432 248 1488 ad
271 1434 341 1489 satis
365 1445 461 1488 certas
484 1445 595 1488 aetates
619 1430 658 1487 ab
682 1431 887 1506 archaeologis
910 1431 1001 1488 relata
1024 1434 1089 1502 sint,
1114 1445 1250 1506 quantum
1274 1431 1381 1488 fructus

209 1541 275 1616 capi
304 1541 395 1616 possit
423 1539 461 1594 ad
492 1537 675 1594 illustrandas
698 1556 745 1594 res
768 1538 900 1594 scenicas
923 1539 1133 1614 antiquissimas
1157 1539 1190 1593 F.
1215 1537 1381 1594 Duemmler

209 1645 334 1702 ostendit
368 1646 454 1718 (Mus.
484 1645 540 1702 Rh.
570 1645 663 1700 XLIII
698 1665 727 1721 p.
758 1664 774 1718 3
781 1661 796 1718 5
803 1661 831 1718 5.
855 1662 899 1720 sq.
940 1643 1120 1702 »Skenische
1142 1643 1378 1719 Vasenbilderr).

210 1753 304 1821 Quam
333 1753 391 1808 iniit
420 1753 463 1807 vir
491 1751 537 1808 ille
567 1751 669 1808 doctus
692 1752 841 1822 rationem,
870 1769 934 1808 eam
962 1767 992 1807 ut
1014 1769 1174 1830 persequar
1198 1751 1254 1807 hac
1277 1751 1380 1808 disser-

209 1859 326 1929 tatione,
362 1860 400 1914 ita
437 1859 504 1915 mihi
532 1859 680 1935 proposui,
717 1871 747 1914 ut
773 1857 910 1928 tenebris,
945 1857 1049 1934 quibus
1072 1857 1241 1915 comoediae
1265 1858 1379 1915 Atticae

209 1965 365 2041 primordia
400 1979 540 2034 tenentur,
578 1964 669 2021 lucem
703 1965 827 2041 aliquam
862 1963 969 2022 afferre
1003 1965 1102 2022 conari
1130 1964 1214 2020 velim
1242 1984 1278 2020 ex
1301 1967 1379 2021 vasis

206 2070 378 2146 quibusdam
403 2073 613 2148 antiquissimis,
644 2073 733 2147 nigris
756 2071 855 2148 figuris
878 2073 997 2142 ornatis,
1028 2090 1103 2146 quae
1127 2072 1217 2128 minus
1241 2090 1379 2148 expresse

208 2197 293 2253 quam
318 2181 444 2256 oportuit
468 2178 505 2234 ad
530 2179 699 2236 comoediae
724 2181 815 2256 prima
840 2180 1015 2236 incrementa
1035 2179 1261 2255 pervestiganda
1277 2199 1294 2234 a
1310 2179 1379 2235 viris

209 2284 301 2340 doctis
335 2284 466 2342 adhibita
501 2299 574 2341 sunt.
628 2285 730 2342 Altero
759 2285 824 2343 loco
852 2285 920 2341 mihi
947 2300 991 2342 est
1015 2286 1193 2362 propositum
1217 2287 1244 2340 in
1269 2284 1379 2341 Aristo-

207 2391 311 2467 phanis
346 2411 421 2466 quae
449 2406 563 2448 exstant
591 2390 693 2448 fabulis
717 2390 931 2467 significantius,
967 2411 1053 2468 quam
1076 2391 1172 2448 adhuc
1195 2390 1300 2448 lactum
1323 2407 1376 2460 est,

207 2513 308 2554 notare
343 2513 439 2554 certas
473 2498 613 2574 quasdam
648 2513 756 2575 partes,
792 2517 867 2574 quae
901 2499 968 2555 mihi
1004 2498 1041 2554 ad
1071 2498 1239 2556 comoediae
1264 2498 1378 2554 Atticae

205 2604 354 2682 exemplar
388 2605 611 2680 antiquissimum
647 2619 727 2662 recte
761 2604 943 2661 reficiendum
972 2605 1123 2680 permagni
1150 2606 1285 2661 momenti
1313 2623 1377 2661 esse

207 2711 347 2767 videntur.

728 3102 813 3163 CAP.
839 3103 859 3158 I.

780 3263 804 3300 I.

293 3369 372 3426 Cecil
396 3368 499 3440 Smith,
525 3389 587 3425 cum
611 3370 752 3446 picturam
776 3369 885 3424 vasculi
911 3370 937 3425 in
962 3387 1059 3425 museo
1080 3369 1245 3424 Britannico
1268 3370 1375 3425 servati

202 3495 239 3532 ex
273 3475 419 3533 oblivione
453 3477 614 3533 vindicaret
647 3474 777 3552 (Journal
805 3475 839 3531 ol
864 3475 937 3532 Hell.
967 3473 1083 3532 studies
1105 3475 1171 3532 Vol.
1194 3476 1227 3530 II.
1252 3495 1281 3551 p.
1301 3493 1373 3551 309.

202 3582 275 3638 Plat.
301 3583 381 3656 XIV)
405 3583 441 3640 de
465 3583 672 3659 archaeologia
696 3583 811 3639 scenica
835 3583 943 3659 optime
966 3583 1076 3638 meruit.
1117 3582 1232 3640 Adiecit
1254 3582 1373 3638 alteram

202 3689 371 3746 simillimam
394 3690 538 3765 quandam
562 3691 713 3766 picturam,
743 3709 828 3764 quam
857 3708 894 3745 ex
916 3688 1063 3746 Gerhardi
1087 3689 1264 3756 collectione,
1300 3707 1375 3764 quae

202 3795 366 3853 inscribitur
389 3796 653 3866 »Trinkschalen«,
678 3797 732 3869 (Pl.
750 3797 846 3852 XXX.
871 3795 920 3872 fig.
943 3798 1047 3871 1-3),
1079 3797 1178 3853 iterum
1199 3795 1373 3873 pingendam

201 3905 313 3960 curavit
336 3904 366 3977 (l.
385 3924 410 3961 c.
435 3903 484 3980 fig.
503 3904 539 3960 A.
559 3923 583 3973 1,
608 3917 638 3960 et
661 3904 698 3959 Α.
715 3905 756 3977 2),
793 3923 849 3978 qua
884 3904 996 3980 pictura
1026 3916 1145 3959 ornatur
1172 3903 1318 3960 vasculum
1346 3903 1373 3957 in

201 4029 300 4067 museo
324 4011 501 4069 Berolinensi
535 4023 680 4067 servatum
711 4009 764 4067 sub
788 4029 836 4067 nu.
867 4009 957 4086 1830.
1005 4010 1173 4085 Priusquam
1209 4010 1302 4067 denuo
1337 4011 1373 4067 de

201 4119 389 4175 monumentis
414 4118 466 4174 illis
490 4136 638 4192 quaeram,
664 4137 738 4192 quae
763 4119 790 4174 in
815 4117 847 4174 iis
871 4118 948 4194 picta
965 4118 1089 4188 videam,
1114 4118 1182 4174 mihi
1198 4118 1252 4175 erit
1268 4117 1374 4174 descri-

200 4221 334 4281 bendum.
