3270 4684
751 450 965 506 ...13-

267 630 428 704 quotannis‚
454 631 532 686 circa
556 649 660 686 anuum
679 631 740 703 478
759 649 786 686 a.
805 629 887 698 chr„
912 629 961 704 agi
978 641 1083 705 coepta
1100 641 1153 699 est,
1179 629 1250 686 artis
1266 649 1340 686 suae
1363 628 1479 703 speci-

267 736 342 792 mina
367 737 480 793 iamiam
504 737 629 806 dedisse,
655 757 729 811 quae
754 757 818 793 eum
843 737 870 791 in
894 735 1009 792 modum
1033 736 1060 790 in
1085 737 1177 792 lucem
1200 736 1278 792 edita
1302 755 1379 793 esse
1406 751 1474 790 non

268 842 329 899 sine
352 844 414 900 veri
443 845 542 920 specie
565 844 730 920 suspiceris,
768 856 797 899 ut
821 843 943 918 choregi
967 843 1119 898 voluntarii
1143 843 1262 900 chorum
1287 840 1473 898 ornandum

267 963 402 1007 curarent
412 947 441 1025 ¹).
488 951 588 1025 Neque
624 951 690 1007 illud
725 950 764 1007 ab
799 950 876 1006 omni
899 948 1106 1026 probabilitate
1134 949 1284 1018 abhorret,
1313 948 1403 1023 quod
1434 948 1465 1002 in

268 1057 420 1132 tragoedia
450 1057 555 1114 lactum
584 1076 650 1114 esse
678 1068 768 1132 negat
790 1057 972 1113 Oebmichen
997 1057 1027 1129 (l.
1053 1075 1078 1112 c.
1104 1076 1133 1131 p.
1157 1056 1238 1131 261),
1275 1057 1469 1112 archontem

268 1163 418 1234 interdum,
444 1183 507 1220 cum
532 1184 563 1220 re
588 1183 657 1220 vera
682 1163 851 1220 comoediae
875 1163 984 1219 maiore
1000 1177 1143 1240 apparatu
1160 1163 1265 1238 dignae
1281 1161 1467 1240 suppedita-

268 1268 348 1341 bant,
374 1271 492 1328 chorum
518 1271 642 1328 dedisse.
676 1271 760 1341 Quae
783 1282 846 1326 utut
868 1282 941 1340 sunt,
968 1269 1133 1326 Aristotelis
1150 1270 1216 1326 illud
1241 1269 1304 1338 ἡδὲ
1322 1267 1465 1338 κωμῳδία

269 1375 313 1430 διὰ
330 1380 360 1432 τὸ
377 1381 415 1446 μὴ
434 1378 630 1442 σπουδάζεσθαι
649 1379 677 1442 ἐξ
695 1378 775 1448 ἀρχῆς
799 1377 898 1431 ἔλαθεν
923 1377 960 1432 ad
991 1389 1122 1453 tempora
1151 1375 1276 1432 vasculis
1300 1376 1353 1432 illis
1378 1375 1462 1430 anti-

269 1485 370 1560 quiora
394 1483 576 1540 referendum
601 1486 663 1540 erit.

847 1682 874 1737 3.

361 1804 593 1880 Antiquissimam
619 1805 798 1862 comoediam
817 1805 941 1862 Atticam
966 1804 1083 1880 politico
1107 1805 1223 1859 tinctam
1246 1802 1331 1858 luisse
1348 1803 1456 1858 colore

270 1911 388 1968 vasculo
424 1931 494 1967 mue.
525 1911 619 1968 Berol.
648 1931 696 1969 no.
728 1909 807 1988 1697
845 1912 939 1968 denuo
974 1911 1086 1968 ostendi
1122 1911 1295 1987 superfluum
1320 1909 1379 1966 lere
1404 1923 1454 1965 est

271 2036 398 2087 mouere,
423 2037 516 2092 neque
540 2018 631 2073 minus
655 2019 774 2076 chorum
799 2018 1073 2094 theriomorphicum
1098 2019 1225 2072 carmina
1242 2015 1386 2094 probrosa
1402 2035 1453 2072 me

271 2125 364 2182 iudice
399 2139 533 2180 cantasse
556 2144 644 2201 supra
668 2127 798 2202 exposui.
847 2126 912 2194 Qua
940 2143 972 2180 re
996 2143 1053 2182 non
1076 2139 1129 2192 est,
1166 2124 1244 2198 quod
1268 2122 1450 2180 comoediam

272 2231 455 2306 Magneteam
485 2231 629 2308 politicam
659 2251 715 2290 non
739 2231 826 2289 luisse
849 2231 974 2288 arbitrer
998 2251 1033 2288 ex
1057 2233 1099 2300 iis,
1135 2250 1211 2306 quae
1236 2229 1451 2306 Aristophanes

272 2339 307 2395 rle
332 2358 367 2394 ea
390 2339 465 2414 Equ.
492 2356 552 2412 522
571 2360 615 2413 sq.
640 2339 792 2414 significat.
825 2340 908 2408 Quae
933 2359 995 2394 cum
1021 2338 1118 2394 luisset
1139 2336 1266 2412 vulgata,
1291 2338 1344 2392 etsi
1360 2337 1450 2392 tacita

273 2446 417 2503 bominum
441 2445 591 2502 doctorum
616 2447 721 2522 opinio
751 2461 817 2502 ante
842 2446 917 2501 baud
942 2447 981 2500 ita
999 2444 1101 2500 multos
1117 2463 1209 2500 annos
1225 2444 1449 2500 immutationem

272 2565 393 2629 experta
409 2567 453 2608 est
468 2551 527 2607 Th.
545 2547 688 2608 Zielinskir
705 2551 811 2623 libello,
834 2554 881 2628 qui
898 2551 1061 2608 inscribitur
1081 2549 1155 2607 »Die
1171 2548 1448 2606 Marchenkomodie

273 2659 301 2714 in
325 2655 485 2740 Athena).
539 2659 610 2715 Cum
646 2659 683 2714 ad
712 2678 776 2715 eam
808 2659 1035 2716 controversiam
1065 2657 1252 2712 dirimendam
1280 2655 1390 2731 figurae
1421 2657 1448 2711 in

272 2765 397 2822 vasculis
422 2784 492 2821 mus.
518 2765 583 2822 Ber.
609 2785 657 2822 no.
681 2765 761 2839 1830
786 2779 815 2822 et
839 2783 910 2820 mus.
936 2765 1005 2826 Brit.
1032 2764 1166 2840 depictae
1189 2763 1290 2818 nullius
1314 2764 1448 2819 momenti

273 2891 330 2930 non
346 2873 410 2940 sint,
429 2874 536 2949 quippe
552 2891 624 2948 quas
642 2872 812 2929 comoediae
831 2867 1059 2948 paramytbiae³)
1075 2869 1269 2944 antiquissima
1288 2870 1447 2924 testimonia

273 2994 382 3035 temere
410 2980 473 3054 quis
502 2979 589 3047 dicat,
626 2997 718 3036 meum
747 2979 801 3034 erit
831 2978 905 3033 illam
931 2977 1075 3033 Zielinskii
1099 2977 1262 3053 opinionem
1287 2976 1449 3031 accuratius

274 3086 448 3153 examinare,
485 3085 512 3142 id
541 3086 629 3160 quod,
668 3087 719 3141 nisi
755 3084 871 3140 uberius
906 3084 942 3140 de
972 3083 1019 3140 illo
1051 3082 1147 3138 libello
1177 3083 1356 3151 disserendo,
1392 3101 1448 3137 non

277 3207 389 3269 potero

349 3453 367 3519 ¹)
396 3457 542 3518 Philologus
566 3456 685 3519 antiquos
704 3456 848 3505 Aristotelis
874 3457 951 3504 verba
970 3448 1026 3502 ἀλλ’
1048 3447 1186 3502 ἐθελονταὶ
1204 3443 1271 3514 ἦσαν
1288 3467 1341 3502 non
1359 3467 1449 3502 omnes

276 3562 333 3597 eum
361 3546 386 3595 in
413 3559 519 3594 sensum
547 3545 662 3604 vertisse,
691 3545 766 3608 quasi
795 3544 939 3605 significent
962 3544 1097 3593 choreutas
1121 3549 1145 3591 et
1164 3548 1264 3592 actores
1282 3541 1448 3600 voluntarios,

275 3641 383 3687 testatur
402 3633 560 3697 Hesychius:
584 3628 737 3684 ἐθελοντάς·
761 3628 819 3684 τοὺς
842 3625 1012 3696 βουλομένους
1030 3625 1047 3677 l*
1066 3627 1189 3698 χορηγοίς
1206 3638 1231 3680 et
1249 3631 1399 3680 Eustathius
1417 3632 1449 3680 ad

275 3726 302 3776 ll.
322 3725 346 3774 k.
367 3723 430 3773 227:
460 3716 598 3770 ἐκαλοῦντο
621 3715 649 3770 δὲ
668 3715 806 3770 ἐθελονταὶ
825 3713 979 3770 διδάσκαλοι
998 3715 1139 3787 δραμάτων
1158 3713 1269 3780 δηλαδὴ,
1294 3707 1336 3768 lira
1353 3735 1392 3771 crs
1413 3703 1447 3784 pi

277 3808 366 3878 λαβὼν
384 3809 461 3877 χορὸν
478 3803 545 3876 μηδὲ
562 3807 707 3876 χορηγητὴν
726 3805 797 3872 ἔχων,
817 3806 900 3874 ἑαυτῷ
917 3808 951 3858 τὰ
968 3807 1055 3858 πάντα
1072 3805 1202 3875 παρεῖχεν.

349 3895 371 3968 ¹)
389 3901 547 3951 Besonderer
565 3900 686 3950 Abdruclr
706 3915 754 3950 eus
774 3901 832 3950 dem
852 3900 1054 3949 Jahresberichte
1073 3901 1118 3949 der
1136 3901 1276 3950 deutschen
1290 3899 1399 3949 Schulen
1418 3913 1450 3948 zu

278 3993 313 4041 St.
333 3994 432 4048 Arinen,
452 3991 488 4040 St.
508 3989 660 4052 Petersburg
684 3990 757 4040 1885.

350 4075 370 4134 ⁸l
391 4081 428 4130 De
440 4093 505 4130 voce
518 4080 559 4129 illa
572 4079 618 4129 cl:
638 4078 774 4140 Zielinskii,
795 4079 967 4143 Quaestiones
981 4078 1093 4127 comicae
1107 4094 1131 4142 p.
1147 4079 1180 4129 ob
1200 4080 1259 4128 adn.
1273 4079 1291 4125 4
1309 4076 1405 4138 (erb.
1425 4077 1449 4126 d.

279 4170 384 4220 Kaiserl.
404 4184 471 4219 russ,
490 4167 673 4218 Ministeriums
693 4167 734 4217 liir
753 4167 994 4230 Volksaulklfirung
1017 4165 1090 4216 1886.
1111 4167 1174 4216 lese.
1198 4169 1225 4216 ll
1247 4172 1272 4215 et
1296 4165 1343 4224 12).
1484 4147 1486 4156 ,
