3270 4684
744 488 957 540 --2,.„

261 661 394 706 contextu
420 663 561 716 carentes,
597 650 753 726 praecipue
788 651 814 706 in
840 663 935 706 certas
963 649 1109 724 quasdam
1128 662 1226 724 partes
1252 650 1432 712 iru'chuntur,

261 755 287 810 in
322 755 425 831 quibus
460 756 666 832 componendis
694 771 810 832 poetam
841 777 954 812 omnem
983 775 1081 812 curam
1104 774 1140 812 ac
1164 755 1339 830 diligentiam
1363 759 1432 814 omi-

260 862 331 918 sisse
355 876 487 938 arguunt.
535 863 604 919 lllud
628 863 702 918 enim
726 875 831 938 poetae
855 876 885 917 ut
908 863 1091 938 peculiariter
1115 863 1247 918 vitiosum
1271 864 1432 940 opprobrio

260 968 337 1034 dant,
362 949 439 1044 quod
465 985 530 1046 post
546 969 722 1046 parabasim,
748 970 834 1026 missa
851 969 1020 1026 comoediae
1044 969 1125 1025 firma
1148 981 1301 1039 structura,
1327 990 1431 1026 scenas

260 1074 343 1132 aliam
380 1077 427 1132 alii
462 1091 576 1132 asserat
610 1090 638 1132 et
673 1095 872 1150 nonuunquam
902 1077 1031 1151 regulam
1060 1078 1130 1132 artis
1155 1075 1332 1133 dramaticae
1355 1077 1431 1135 adeo

258 1200 315 1236 non
339 1197 485 1257 sequatur,
522 1196 552 1238 ut
587 1201 727 1258 personas
763 1183 887 1238 ludicras
918 1183 1051 1238 continua
1075 1183 1150 1238 serie
1175 1183 1201 1238 in
1224 1201 1341 1238 scenam
1365 1203 1430 1259 pro-

260 1288 378 1344 deuntes
413 1303 451 1358 et,
488 1301 640 1365 postquam
670 1290 821 1364 paullulum
851 1291 988 1366 temporis
1017 1303 1115 1364 partes
1139 1307 1206 1344 suas
1229 1290 1428 1359 sustinuerunt,

260 1394 469 1452 descendentes
493 1395 588 1452 saciat.

348 1503 442 1571 Koclr,
468 1524 497 1580 p.
521 1523 529 1558 r
540 1521 589 1578 32,
622 1504 700 1558 hisce
732 1503 828 1558 verbis
859 1503 953 1559 iudicii
976 1504 1018 1558 sui
1044 1502 1111 1558 lacit
1134 1521 1288 1558 summam:
1330 1503 1430 1560 »Aber

259 1608 307 1663 ihn
332 1609 421 1665 freute
445 1630 497 1665 nur
521 1611 573 1666 der
596 1623 673 1665 erste
697 1609 793 1666 kdhne
818 1609 910 1666 Wurl.
960 1610 1009 1666 Bei
1034 1609 1086 1665 der
1109 1608 1298 1684 sorgft'lltigen
1320 1610 1429 1666 Durch-

259 1712 381 1790 ldhrung
417 1717 468 1772 des
497 1718 643 1773 einzelnen
673 1716 852 1792 verdamplte
879 1715 921 1772 olt
944 1737 978 1772 zu
1001 1716 1111 1772 schnell
1136 1716 1188 1772 der
1212 1715 1320 1790 seurige
1345 1716 1429 1772 Wein

258 1821 314 1876 und
338 1823 366 1877 in
390 1823 444 1879 den
468 1823 670 1880 schildernden
695 1822 808 1880 Scenen
832 1823 884 1880 des
907 1823 1027 1878 zweiten
1044 1822 1155 1890 'l'heils,
1181 1822 1226 1878 die
1252 1823 1278 1877 in
1295 1823 1428 1879 inlinitum

258 1929 414 1996 vermehrt,
450 1929 612 2006 ehensogut
647 1930 719 1986 aber
754 1930 828 1986 auch
864 1931 940 1986 ohne
976 1950 1009 1986 zu
1044 1949 1166 2004 grussen
1195 1927 1331 1986 Schadco
1369 1949 1430 1984 rer-

259 2036 380 2091 mindcrt
416 2037 531 2092 werden
568 2038 704 2108 kdnnten,
741 2038 810 2094 lasst
845 2037 907 2093 sich
936 2037 1073 2092 zuweilen
1102 2038 1165 2092 eine
1192 2055 1246 2091 nur
1269 2037 1358 2092 durch
1384 2037 1429 2092 die

257 2144 464 2218 grossartigste
487 2145 610 2202 Routine
635 2145 793 2200 verdeckte
817 2145 988 2218 Ermattung
1017 2144 1070 2200 der
1093 2143 1354 2210 Produktionslust,
1384 2145 1429 2200 ein

257 2249 397 2323 gewisser
434 2239 596 2307 llberdruss
635 2271 671 2307 an
711 2251 763 2306 der
798 2251 981 2325 Vollendung
1020 2251 1071 2306 des
1107 2252 1300 2324 Begonoenen
1338 2250 1429 2306 wahr-

258 2357 409 2412 nehmen.«
433 2391 469 2397 —-
489 2357 611 2425 Textor,
637 2358 673 2414 dc
690 2359 766 2414 Pace
790 2378 819 2434 p.
843 2357 878 2414 18
909 2357 1103 2435 »Dag·egenr,
1121 2357 1219 2432 inquit,
1241 2357 1428 2412 »erscheinen

257 2463 330 2518 auch
357 2464 418 2518 hier
444 2465 496 2520 wie
521 2466 547 2519 in
573 2465 627 2520 den
653 2465 823 2521 Acharnetu
849 2466 912 2520 eine
936 2483 1028 2538 ganze
1053 2464 1144 2520 Reihe
1169 2465 1427 2524 neuerl’ersonen.

257 2571 346 2626 zumal
372 2572 407 2626 im
432 2570 614 2641 Schlussakt,
640 2571 685 2627 die
710 2571 819 2627 ebenso
843 2584 1018 2627 unerwartet
1039 2571 1182 2644 lroinmen,
1206 2571 1249 2624 als
1266 2571 1316 2638 sie,
1343 2571 1429 2626 uach-

257 2675 321 2732 dem
357 2679 397 2732 sie
434 2679 495 2732 ihre
519 2677 721 2752 Schuldiglreit
748 2679 867 2753 gethan,
904 2678 980 2734 ohne
1004 2678 1193 2734 Ceremonien
1218 2695 1284 2732 vom
1308 2677 1429 2732 Dichter

256 2784 399 2840 entlassen
436 2786 581 2840 werden«
636 2784 685 2857 (cl.
722 2805 750 2860 p.
783 2803 798 2858 5
836 2799 864 2841 et
900 2785 942 2860 6.)
994 2786 1078 2854 Quae
1106 2785 1142 2839 sit
1169 2802 1257 2838 causa
1286 2785 1346 2840 eius
1370 2784 1428 2838 vitii

256 2909 319 2946 cum
343 2893 508 2966 quaesierit,
544 2893 714 2968 respondet:
760 2891 832 2948 nDie
859 2893 1004 2948 dntwort:
1043 2892 1104 2946 weil
1135 2891 1190 2946 ihm
1220 2889 1265 2944 die
1290 2889 1427 2946 'l‘endenz

257 2997 308 3052 des
332 2995 457 3054 Stilclces
481 3001 547 3054 weit
571 2999 724 3074 wichtiger
749 3000 784 3054 ist
808 3001 862 3056 wie
887 2999 990 3055 desseu
1015 2999 1202 3072 Handlung«.

346 3105 384 3159 ,dt
408 3105 434 3160 in
461 3106 686 3181 Aristophanem
710 3105 868 3182 opprobria
895 3107 1038 3162 coniicere
1061 3125 1097 3160 ne
1122 3123 1286 3181 pergarnus,
1315 3105 1428 3160 aliunde

256 3212 351 3266 exorsi
375 3213 411 3266 ad
437 3215 634 3287 quaestionem
659 3212 872 3269 retractandam
897 3213 1080 3268 accedamus.

346 3320 435 3375 llccte
471 3321 583 3376 Tertor
622 3320 742 3376 eandem
779 3321 917 3376 rationem
954 3319 1022 3375 lacit
1056 3333 1179 3393 quatuor
1214 3319 1426 3375 comoediarum

257 3425 496 3492 Acharneosium,
535 3428 626 3494 Pacis,
656 3425 737 3495 Pluti,
768 3425 1042 3492 Ecclesiazusarum,
1072 3444 1147 3499 quae
1172 3439 1237 3500 post
1263 3425 1427 3501 parabasim

255 3531 375 3587 solutum
411 3533 549 3589 exhibent
582 3551 732 3588 scenarum
768 3533 907 3588 ordinem.
960 3532 1029 3588 Mihi
1064 3533 1178 3607 quidem
1207 3532 1299 3588 eidem
1328 3532 1427 3606 generi

255 3638 446 3695 ascribendae
471 3641 602 3695 ridentur
620 3639 834 3709 AcharnenseS,
859 3639 929 3703 Pria,
956 3639 1045 3708 Area,
1069 3657 1154 3713 quam
1177 3659 1305 3694 seorsum
1323 3653 1428 3695 tractat

254 3744 367 3800 Textor
392 3745 526 3810 fabulam,
552 3745 765 3820 quodammodo
788 3745 895 3816 PlutoS,
921 3746 986 3819 quia
1009 3745 1036 3799 in
1052 3745 1085 3800 iis
1102 3743 1205 3800 fabulis
1222 3745 1428 3821 componendis

254 3853 357 3908 eodem
394 3854 579 3910 instrumento
615 3866 730 3929 poetam
767 3855 804 3907 uti
841 3853 935 3908 video.
995 3852 1145 3908 Hominem
1181 3854 1255 3908 enim
1285 3852 1360 3908 haud
1389 3853 1426 3908 ita

257 3961 340 4014 valde
365 3960 514 4030 eruditum,
539 3961 591 4016 sed
616 3961 715 4034 sagaci
741 3960 854 4034 ingenio
879 3973 907 4014 et
927 3960 1069 4015 acerrima
1086 3959 1239 4015 dicacitate
1256 3960 1425 4036 praeditum,

256 4067 363 4142 primas
398 4081 496 4142 partes
524 4069 709 4124 sustinentem
745 4065 820 4122 lacit.
880 4067 937 4135 Qui
971 4081 1124 4142 postquam
1160 4081 1226 4122 ante
1261 4065 1426 4142 parabasim

255 4192 314 4230 rem
341 4175 493 4230 institutam
518 4175 555 4230 ad
580 4175 683 4230 exitum
709 4175 804 4249 aliquo
828 4187 916 4250 pacto
940 4174 1082 4248 perduxit,
1108 4191 1295 4247 personarum
1313 4173 1425 4235 seriem,
