<?xml version="1.0" encoding="UTF-8"?>
<!DOCTYPE html PUBLIC "-//W3C//DTD XHTML 1.0 Transitional//EN"
    "http://www.w3.org/TR/xhtml1/DTD/xhtml1-transitional.dtd">
<html xmlns="http://www.w3.org/1999/xhtml" xml:lang="en" lang="en">
 <head>
  <title>
</title>
<meta http-equiv="Content-Type" content="text/html;charset=utf-8" />
  <meta name='ocr-system' content='tesseract 3.04.00' />
  <meta name='ocr-capabilities' content='ocr_page ocr_carea ocr_par ocr_line ocrx_word'/>
</head>
<body>
  <div class='ocr_page' id='page_1' title='image "./decomoediaeatti01poppgoog_0009.png"; bbox 0 0 3270 4684; ppageno 0'>
   <div class='ocr_carea' id='block_1_1' title="bbox 750 504 944 558">
    <p class='ocr_par' dir='ltr' id='par_1_1' title="bbox 750 504 944 558">
     <span class='ocr_line' id='line_1_1' title="bbox 750 504 944 558; baseline 0.01 -14"><span class='ocrx_word' id='word_1_1' title='bbox 750 504 944 558; x_wconf 72' lang='grc'>-6-.</span> 
     </span>
    </p>
   </div>
   <div class='ocr_carea' id='block_1_2' title="bbox 257 678 1439 4068">
    <p class='ocr_par' dir='ltr' id='par_1_2' title="bbox 257 678 1437 2779">
     <span class='ocr_line' id='line_1_2' title="bbox 351 678 1433 758; baseline -0.004 -21"><span class='ocrx_word' id='word_1_2' title='bbox 351 681 501 758; x_wconf 83' lang='lat' dir='ltr'>Amphora</span> <span class='ocrx_word' id='word_1_3' title='bbox 525 682 613 737; x_wconf 89' lang='lat' dir='ltr'>musei</span> <span class='ocrx_word' id='word_1_4' title='bbox 637 681 828 738; x_wconf 87' lang='lat' dir='ltr'>Berolinensis</span> <span class='ocrx_word' id='word_1_5' title='bbox 853 700 900 736; x_wconf 86' lang='lat' dir='ltr'>nu.</span> <span class='ocrx_word' id='word_1_6' title='bbox 924 679 1004 756; x_wconf 87' lang='lat'>1830</span> <span class='ocrx_word' id='word_1_7' title='bbox 1029 678 1433 756; x_wconf 77' lang='lat' dir='ltr'>(Furtwaengler)0‚218m</span> 
     </span>
     <span class='ocr_line' id='line_1_3' title="bbox 257 785 1431 863; baseline -0.003 -20"><span class='ocrx_word' id='word_1_8' title='bbox 257 789 342 858; x_wconf 75' lang='lat' dir='ltr'>altit,</span> <span class='ocrx_word' id='word_1_9' title='bbox 368 787 442 859; x_wconf 83' lang='lat' dir='ltr'>o,46</span> <span class='ocrx_word' id='word_1_10' title='bbox 459 807 487 843; x_wconf 88' lang='lat' dir='ltr'>m</span> <span class='ocrx_word' id='word_1_11' title='bbox 511 789 590 856; x_wconf 79' lang='lat' dir='ltr'>circ,</span> <span class='ocrx_word' id='word_1_12' title='bbox 616 807 700 862; x_wconf 89' lang='lat' dir='ltr'>quarn</span> <span class='ocrx_word' id='word_1_13' title='bbox 724 787 778 844; x_wconf 89' lang='lat' dir='ltr'>sub</span> <span class='ocrx_word' id='word_1_14' title='bbox 802 787 850 863; x_wconf 82' lang='lat' dir='ltr'>fig.</span> <span class='ocrx_word' id='word_1_15' title='bbox 871 788 906 844; x_wconf 86' lang='lat' dir='ltr'>A.</span> <span class='ocrx_word' id='word_1_16' title='bbox 931 808 955 859; x_wconf 77' lang='grc' dir='ltr'>ι,</span> <span class='ocrx_word' id='word_1_17' title='bbox 980 801 1009 844; x_wconf 91' lang='lat' dir='ltr'>et</span> <span class='ocrx_word' id='word_1_18' title='bbox 1034 788 1069 844; x_wconf 84' lang='lat' dir='ltr'>A.</span> <span class='ocrx_word' id='word_1_19' title='bbox 1090 805 1117 857; x_wconf 82' lang='lat'>2,</span> <span class='ocrx_word' id='word_1_20' title='bbox 1148 787 1228 844; x_wconf 91' lang='lat' dir='ltr'>Cecil</span> <span class='ocrx_word' id='word_1_21' title='bbox 1251 785 1344 843; x_wconf 88' lang='lat' dir='ltr'>Smitb</span> <span class='ocrx_word' id='word_1_22' title='bbox 1369 785 1386 840; x_wconf 96' lang='lat' dir='ltr'>l.</span> <span class='ocrx_word' id='word_1_23' title='bbox 1404 804 1431 841; x_wconf 92' lang='lat' dir='ltr'>c.</span> 
     </span>
     <span class='ocr_line' id='line_1_4' title="bbox 260 893 1432 970; baseline -0.003 -20"><span class='ocrx_word' id='word_1_24' title='bbox 260 895 364 970; x_wconf 84' lang='lat' dir='ltr'>posuit,</span> <span class='ocrx_word' id='word_1_25' title='bbox 390 896 417 950; x_wconf 93' lang='lat' dir='ltr'>in</span> <span class='ocrx_word' id='word_1_26' title='bbox 441 894 533 950; x_wconf 88' lang='lat' dir='ltr'>altero</span> <span class='ocrx_word' id='word_1_27' title='bbox 556 895 647 950; x_wconf 90' lang='lat' dir='ltr'>latere</span> <span class='ocrx_word' id='word_1_28' title='bbox 672 893 760 951; x_wconf 88' lang='lat' dir='ltr'>habet</span> <span class='ocrx_word' id='word_1_29' title='bbox 783 895 924 970; x_wconf 85' lang='lat' dir='ltr'>picturam</span> <span class='ocrx_word' id='word_1_30' title='bbox 949 907 1008 951; x_wconf 87' lang='lat' dir='ltr'>tres</span> <span class='ocrx_word' id='word_1_31' title='bbox 1031 894 1139 970; x_wconf 82' lang='lat' dir='ltr'>figuras</span> <span class='ocrx_word' id='word_1_32' title='bbox 1163 893 1356 950; x_wconf 83' lang='lat' dir='ltr'>exhibentem.</span> <span class='ocrx_word' id='word_1_33' title='bbox 1402 893 1432 947; x_wconf 96' lang='lat' dir='ltr'>ln</span> 
     </span>
     <span class='ocr_line' id='line_1_5' title="bbox 261 1000 1434 1078; baseline -0.002 -21"><span class='ocrx_word' id='word_1_34' title='bbox 261 1001 362 1057; x_wconf 84' lang='lat' dir='ltr'>dextra</span> <span class='ocrx_word' id='word_1_35' title='bbox 391 1015 474 1077; x_wconf 89' lang='lat' dir='ltr'>parte</span> <span class='ocrx_word' id='word_1_36' title='bbox 498 1000 604 1059; x_wconf 86' lang='lat' dir='ltr'>tibicen</span> <span class='ocrx_word' id='word_1_37' title='bbox 627 1001 760 1078; x_wconf 83' lang='lat' dir='ltr'>palliatus</span> <span class='ocrx_word' id='word_1_38' title='bbox 784 1000 861 1057; x_wconf 88' lang='lat' dir='ltr'>tibiis</span> <span class='ocrx_word' id='word_1_39' title='bbox 885 1020 993 1058; x_wconf 90' lang='lat' dir='ltr'>canens</span> <span class='ocrx_word' id='word_1_40' title='bbox 1021 1001 1127 1058; x_wconf 87' lang='lat' dir='ltr'>incedit</span> <span class='ocrx_word' id='word_1_41' title='bbox 1149 1002 1187 1058; x_wconf 92' lang='lat' dir='ltr'>ad</span> <span class='ocrx_word' id='word_1_42' title='bbox 1211 1001 1341 1057; x_wconf 80' lang='lat' dir='ltr'>dextram</span> <span class='ocrx_word' id='word_1_43' title='bbox 1367 1018 1434 1056; x_wconf 90' lang='lat' dir='ltr'>con-</span> 
     </span>
     <span class='ocr_line' id='line_1_6' title="bbox 261 1107 1435 1185; baseline -0.001 -22"><span class='ocrx_word' id='word_1_44' title='bbox 261 1126 371 1164; x_wconf 90' lang='lat' dir='ltr'>versus.</span> <span class='ocrx_word' id='word_1_45' title='bbox 420 1109 523 1164; x_wconf 84' lang='lat' dir='ltr'>Facies</span> <span class='ocrx_word' id='word_1_46' title='bbox 546 1126 671 1184; x_wconf 88' lang='lat' dir='ltr'>persona</span> <span class='ocrx_word' id='word_1_47' title='bbox 696 1126 807 1179; x_wconf 85' lang='lat' dir='ltr'>carens,</span> <span class='ocrx_word' id='word_1_48' title='bbox 833 1122 863 1164; x_wconf 90' lang='lat' dir='ltr'>ut</span> <span class='ocrx_word' id='word_1_49' title='bbox 887 1109 954 1164; x_wconf 90' lang='lat' dir='ltr'>mihi</span> <span class='ocrx_word' id='word_1_50' title='bbox 977 1108 1099 1176; x_wconf 85' lang='lat' dir='ltr'>videtur,</span> <span class='ocrx_word' id='word_1_51' title='bbox 1130 1109 1175 1164; x_wconf 88' lang='lat' dir='ltr'>vel</span> <span class='ocrx_word' id='word_1_52' title='bbox 1207 1107 1310 1185; x_wconf 87' lang='lat' dir='ltr'>partim</span> <span class='ocrx_word' id='word_1_53' title='bbox 1335 1123 1435 1183; x_wconf 88' lang='lat' dir='ltr'>perso·</span> 
     </span>
     <span class='ocr_line' id='line_1_7' title="bbox 261 1212 1433 1287; baseline -0.002 -18"><span class='ocrx_word' id='word_1_54' title='bbox 261 1227 338 1286; x_wconf 86' lang='lat' dir='ltr'>nata,</span> <span class='ocrx_word' id='word_1_55' title='bbox 363 1217 489 1286; x_wconf 77' lang='grc' dir='ltr'>φορβειὰν</span> <span class='ocrx_word' id='word_1_56' title='bbox 513 1213 614 1287; x_wconf 81' lang='lat' dir='ltr'>habet3</span> <span class='ocrx_word' id='word_1_57' title='bbox 651 1229 680 1272; x_wconf 89' lang='lat' dir='ltr'>et</span> <span class='ocrx_word' id='word_1_58' title='bbox 708 1215 734 1271; x_wconf 89' lang='lat' dir='ltr'>in</span> <span class='ocrx_word' id='word_1_59' title='bbox 762 1228 858 1270; x_wconf 91' lang='lat' dir='ltr'>mento</span> <span class='ocrx_word' id='word_1_60' title='bbox 886 1229 915 1271; x_wconf 91' lang='lat' dir='ltr'>et</span> <span class='ocrx_word' id='word_1_61' title='bbox 943 1215 970 1270; x_wconf 94' lang='lat' dir='ltr'>in</span> <span class='ocrx_word' id='word_1_62' title='bbox 995 1214 1087 1272; x_wconf 90' lang='lat' dir='ltr'>fronte</span> <span class='ocrx_word' id='word_1_63' title='bbox 1112 1216 1214 1271; x_wconf 87' lang='lat' dir='ltr'>lineam</span> <span class='ocrx_word' id='word_1_64' title='bbox 1239 1215 1320 1271; x_wconf 91' lang='lat' dir='ltr'>vides</span> <span class='ocrx_word' id='word_1_65' title='bbox 1344 1212 1433 1269; x_wconf 87' lang='lat' dir='ltr'>rubro</span> 
     </span>
     <span class='ocr_line' id='line_1_8' title="bbox 262 1320 1432 1396; baseline -0.003 -18"><span class='ocrx_word' id='word_1_66' title='bbox 262 1321 361 1378; x_wconf 89' lang='lat' dir='ltr'>colore</span> <span class='ocrx_word' id='word_1_67' title='bbox 385 1321 509 1392; x_wconf 86' lang='lat' dir='ltr'>ductam,</span> <span class='ocrx_word' id='word_1_68' title='bbox 533 1340 654 1395; x_wconf 87' lang='lat' dir='ltr'>quarum</span> <span class='ocrx_word' id='word_1_69' title='bbox 677 1323 797 1378; x_wconf 88' lang='lat' dir='ltr'>alteram</span> <span class='ocrx_word' id='word_1_70' title='bbox 822 1322 947 1390; x_wconf 82' lang='lat' dir='ltr'>cristam,</span> <span class='ocrx_word' id='word_1_71' title='bbox 972 1322 1092 1378; x_wconf 90' lang='lat' dir='ltr'>alteram</span> <span class='ocrx_word' id='word_1_72' title='bbox 1117 1320 1240 1378; x_wconf 85' lang='lat' dir='ltr'>barbam</span> <span class='ocrx_word' id='word_1_73' title='bbox 1264 1322 1327 1396; x_wconf 90' lang='lat' dir='ltr'>quis</span> <span class='ocrx_word' id='word_1_74' title='bbox 1343 1332 1432 1395; x_wconf 89' lang='lat' dir='ltr'>putet.</span> 
     </span>
     <span class='ocr_line' id='line_1_9' title="bbox 262 1427 1436 1506; baseline 0.001 -23"><span class='ocrx_word' id='word_1_75' title='bbox 262 1429 327 1485; x_wconf 88' lang='lat' dir='ltr'>Non</span> <span class='ocrx_word' id='word_1_76' title='bbox 349 1447 416 1504; x_wconf 80' lang='lat' dir='ltr'>ego,</span> <span class='ocrx_word' id='word_1_77' title='bbox 441 1428 510 1502; x_wconf 84' lang='lat' dir='ltr'>quid</span> <span class='ocrx_word' id='word_1_78' title='bbox 533 1427 671 1504; x_wconf 81' lang='lat' dir='ltr'>effingere</span> <span class='ocrx_word' id='word_1_79' title='bbox 694 1429 817 1486; x_wconf 90' lang='lat' dir='ltr'>voluerit</span> <span class='ocrx_word' id='word_1_80' title='bbox 840 1429 943 1503; x_wconf 74' lang='lat' dir='ltr'>pictor,</span> <span class='ocrx_word' id='word_1_81' title='bbox 969 1447 1023 1506; x_wconf 92' lang='lat' dir='ltr'>pro</span> <span class='ocrx_word' id='word_1_82' title='bbox 1047 1442 1129 1486; x_wconf 87' lang='lat' dir='ltr'>certo</span> <span class='ocrx_word' id='word_1_83' title='bbox 1153 1428 1314 1484; x_wconf 91' lang='lat' dir='ltr'>diiudicem.</span> <span class='ocrx_word' id='word_1_84' title='bbox 1354 1427 1436 1484; x_wconf 85' lang='lat' dir='ltr'>Tibi-</span> 
     </span>
     <span class='ocr_line' id='line_1_10' title="bbox 262 1535 1433 1612; baseline 0.002 -22"><span class='ocrx_word' id='word_1_85' title='bbox 262 1537 354 1592; x_wconf 88' lang='lat' dir='ltr'>cinem</span> <span class='ocrx_word' id='word_1_86' title='bbox 379 1535 453 1592; x_wconf 90' lang='lat' dir='ltr'>duae</span> <span class='ocrx_word' id='word_1_87' title='bbox 476 1535 618 1608; x_wconf 83' lang='lat' dir='ltr'>quaedam</span> <span class='ocrx_word' id='word_1_88' title='bbox 642 1535 752 1611; x_wconf 78' lang='lat' dir='ltr'>figurae</span> <span class='ocrx_word' id='word_1_89' title='bbox 775 1535 813 1592; x_wconf 91' lang='lat' dir='ltr'>ad</span> <span class='ocrx_word' id='word_1_90' title='bbox 837 1536 998 1612; x_wconf 86' lang='lat' dir='ltr'>exemplum</span> <span class='ocrx_word' id='word_1_91' title='bbox 1022 1535 1119 1592; x_wconf 88' lang='lat' dir='ltr'>nescio</span> <span class='ocrx_word' id='word_1_92' title='bbox 1135 1553 1255 1609; x_wconf 90' lang='lat' dir='ltr'>quorum</span> <span class='ocrx_word' id='word_1_93' title='bbox 1272 1537 1433 1592; x_wconf 89' lang='lat' dir='ltr'>animalium</span> 
     </span>
     <span class='ocr_line' id='line_1_11' title="bbox 262 1641 1435 1718; baseline 0 -20"><span class='ocrx_word' id='word_1_94' title='bbox 262 1653 436 1718; x_wconf 74' lang='lat' dir='ltr'>personatae</span> <span class='ocrx_word' id='word_1_95' title='bbox 460 1655 615 1716; x_wconf 87' lang='lat' dir='ltr'>sequuntur</span> <span class='ocrx_word' id='word_1_96' title='bbox 638 1661 702 1699; x_wconf 88' lang='lat' dir='ltr'>eum</span> <span class='ocrx_word' id='word_1_97' title='bbox 726 1643 753 1698; x_wconf 84' lang='lat' dir='ltr'>in</span> <span class='ocrx_word' id='word_1_98' title='bbox 777 1642 890 1699; x_wconf 91' lang='lat' dir='ltr'>modurn</span> <span class='ocrx_word' id='word_1_99' title='bbox 915 1642 1081 1712; x_wconf 83' lang='lat' dir='ltr'>obvolutae,</span> <span class='ocrx_word' id='word_1_100' title='bbox 1105 1656 1136 1699; x_wconf 93' lang='lat' dir='ltr'>ut</span> <span class='ocrx_word' id='word_1_101' title='bbox 1159 1663 1195 1699; x_wconf 84' lang='lat' dir='ltr'>ex</span> <span class='ocrx_word' id='word_1_102' title='bbox 1219 1641 1386 1700; x_wconf 82' lang='lat' dir='ltr'>informibus</span> <span class='ocrx_word' id='word_1_103' title='bbox 1406 1656 1435 1700; x_wconf 93' lang='lat' dir='ltr'>et</span> 
     </span>
     <span class='ocr_line' id='line_1_12' title="bbox 263 1748 1437 1826; baseline 0.002 -23"><span class='ocrx_word' id='word_1_104' title='bbox 263 1749 353 1804; x_wconf 81' lang='lat' dir='ltr'>vastis</span> <span class='ocrx_word' id='word_1_105' title='bbox 387 1749 481 1826; x_wconf 88' lang='lat' dir='ltr'>palliis</span> <span class='ocrx_word' id='word_1_106' title='bbox 514 1748 654 1806; x_wconf 86' lang='lat' dir='ltr'>talaribus</span> <span class='ocrx_word' id='word_1_107' title='bbox 688 1749 784 1826; x_wconf 88' lang='lat' dir='ltr'>capita</span> <span class='ocrx_word' id='word_1_108' title='bbox 813 1767 902 1825; x_wconf 78' lang='lat' dir='ltr'>aegre</span> <span class='ocrx_word' id='word_1_109' title='bbox 930 1750 1120 1825; x_wconf 87' lang='lat' dir='ltr'>promineant.</span> <span class='ocrx_word' id='word_1_110' title='bbox 1168 1751 1272 1807; x_wconf 79' lang='lat' dir='ltr'>Pennis</span> <span class='ocrx_word' id='word_1_111' title='bbox 1299 1751 1328 1806; x_wconf 91' lang='lat' dir='ltr'>ni</span> <span class='ocrx_word' id='word_1_112' title='bbox 1351 1749 1437 1806; x_wconf 91' lang='lat' dir='ltr'>fallor</span> 
     </span>
     <span class='ocr_line' id='line_1_13' title="bbox 263 1854 1433 1934; baseline 0 -23"><span class='ocrx_word' id='word_1_113' title='bbox 263 1854 354 1912; x_wconf 85' lang='lat' dir='ltr'>tribus</span> <span class='ocrx_word' id='word_1_114' title='bbox 376 1874 486 1912; x_wconf 89' lang='lat' dir='ltr'>summa</span> <span class='ocrx_word' id='word_1_115' title='bbox 509 1857 606 1933; x_wconf 88' lang='lat' dir='ltr'>capita</span> <span class='ocrx_word' id='word_1_116' title='bbox 630 1870 732 1914; x_wconf 89' lang='lat' dir='ltr'>ornata</span> <span class='ocrx_word' id='word_1_117' title='bbox 756 1870 836 1928; x_wconf 80' lang='lat' dir='ltr'>sunt3</span> <span class='ocrx_word' id='word_1_118' title='bbox 872 1875 908 1912; x_wconf 85' lang='lat' dir='ltr'>ex</span> <span class='ocrx_word' id='word_1_119' title='bbox 939 1858 1040 1913; x_wconf 89' lang='lat' dir='ltr'>mentis</span> <span class='ocrx_word' id='word_1_120' title='bbox 1064 1857 1228 1934; x_wconf 92' lang='lat' dir='ltr'>dependent</span> <span class='ocrx_word' id='word_1_121' title='bbox 1252 1857 1433 1926; x_wconf 83' lang='lat' dir='ltr'>lineamenta,</span> 
     </span>
     <span class='ocr_line' id='line_1_14' title="bbox 262 1961 1436 2040; baseline 0.001 -22"><span class='ocrx_word' id='word_1_122' title='bbox 262 1980 338 2036; x_wconf 85' lang='lat' dir='ltr'>quae</span> <span class='ocrx_word' id='word_1_123' title='bbox 363 1961 471 2019; x_wconf 90' lang='lat' dir='ltr'>habent</span> <span class='ocrx_word' id='word_1_124' title='bbox 493 1964 619 2040; x_wconf 88' lang='lat' dir='ltr'>speciem</span> <span class='ocrx_word' id='word_1_125' title='bbox 639 1962 767 2034; x_wconf 78' lang='lat' dir='ltr'>barbae3</span> <span class='ocrx_word' id='word_1_126' title='bbox 793 1976 822 2018; x_wconf 92' lang='lat' dir='ltr'>et</span> <span class='ocrx_word' id='word_1_127' title='bbox 837 1981 950 2040; x_wconf 86' lang='lat' dir='ltr'>pennae</span> <span class='ocrx_word' id='word_1_128' title='bbox 965 1976 995 2019; x_wconf 91' lang='lat' dir='ltr'>et</span> <span class='ocrx_word' id='word_1_129' title='bbox 1010 1962 1131 2034; x_wconf 80' lang='lat' dir='ltr'>barbae,</span> <span class='ocrx_word' id='word_1_130' title='bbox 1157 1983 1229 2038; x_wconf 89' lang='lat' dir='ltr'>quas</span> <span class='ocrx_word' id='word_1_131' title='bbox 1246 1963 1320 2034; x_wconf 82' lang='lat' dir='ltr'>dico,</span> <span class='ocrx_word' id='word_1_132' title='bbox 1346 1962 1436 2020; x_wconf 89' lang='lat' dir='ltr'>rubro</span> 
     </span>
     <span class='ocr_line' id='line_1_15' title="bbox 263 2067 1437 2145; baseline 0.002 -21"><span class='ocrx_word' id='word_1_133' title='bbox 263 2069 362 2126; x_wconf 86' lang='lat' dir='ltr'>colore</span> <span class='ocrx_word' id='word_1_134' title='bbox 385 2067 508 2127; x_wconf 87' lang='lat' dir='ltr'>effectae</span> <span class='ocrx_word' id='word_1_135' title='bbox 531 2083 604 2126; x_wconf 90' lang='lat' dir='ltr'>sunt.</span> <span class='ocrx_word' id='word_1_136' title='bbox 653 2069 754 2126; x_wconf 77' lang='lat' dir='ltr'>Micam</span> <span class='ocrx_word' id='word_1_137' title='bbox 779 2069 805 2124; x_wconf 92' lang='lat' dir='ltr'>in</span> <span class='ocrx_word' id='word_1_138' title='bbox 829 2083 950 2143; x_wconf 89' lang='lat' dir='ltr'>utroque</span> <span class='ocrx_word' id='word_1_139' title='bbox 974 2069 1124 2141; x_wconf 77' lang='lat' dir='ltr'>choreuta,</span> <span class='ocrx_word' id='word_1_140' title='bbox 1152 2071 1230 2145; x_wconf 93' lang='lat' dir='ltr'>quod</span> <span class='ocrx_word' id='word_1_141' title='bbox 1253 2089 1357 2128; x_wconf 90' lang='lat' dir='ltr'>nomeu</span> <span class='ocrx_word' id='word_1_142' title='bbox 1382 2069 1437 2126; x_wconf 85' lang='lat' dir='ltr'>illis</span> 
     </span>
     <span class='ocr_line' id='line_1_16' title="bbox 263 2175 1432 2254; baseline 0.001 -23"><span class='ocrx_word' id='word_1_143' title='bbox 263 2176 426 2251; x_wconf 88' lang='lat' dir='ltr'>personatis</span> <span class='ocrx_word' id='word_1_144' title='bbox 449 2177 547 2233; x_wconf 86' lang='lat' dir='ltr'>indere</span> <span class='ocrx_word' id='word_1_145' title='bbox 572 2177 638 2233; x_wconf 89' lang='lat' dir='ltr'>mihi</span> <span class='ocrx_word' id='word_1_146' title='bbox 662 2177 756 2247; x_wconf 88' lang='lat' dir='ltr'>liceat,</span> <span class='ocrx_word' id='word_1_147' title='bbox 785 2175 868 2232; x_wconf 89' lang='lat' dir='ltr'>vides</span> <span class='ocrx_word' id='word_1_148' title='bbox 891 2177 1006 2233; x_wconf 90' lang='lat' dir='ltr'>faciem:</span> <span class='ocrx_word' id='word_1_149' title='bbox 1043 2195 1131 2254; x_wconf 87' lang='lat' dir='ltr'>supra</span> <span class='ocrx_word' id='word_1_150' title='bbox 1159 2195 1288 2234; x_wconf 84' lang='lat' dir='ltr'>crassam</span> <span class='ocrx_word' id='word_1_151' title='bbox 1312 2175 1432 2233; x_wconf 90' lang='lat' dir='ltr'>buccam</span> 
     </span>
     <span class='ocr_line' id='line_1_17' title="bbox 263 2283 1436 2360; baseline 0.001 -23"><span class='ocrx_word' id='word_1_152' title='bbox 263 2283 363 2338; x_wconf 91' lang='lat' dir='ltr'>oculus</span> <span class='ocrx_word' id='word_1_153' title='bbox 385 2295 492 2359; x_wconf 91' lang='lat' dir='ltr'>puncto</span> <span class='ocrx_word' id='word_1_154' title='bbox 516 2301 572 2340; x_wconf 93' lang='lat' dir='ltr'>non</span> <span class='ocrx_word' id='word_1_155' title='bbox 596 2284 687 2340; x_wconf 91' lang='lat' dir='ltr'>maior</span> <span class='ocrx_word' id='word_1_156' title='bbox 710 2284 898 2360; x_wconf 80' lang='lat' dir='ltr'>conspicitur3</span> <span class='ocrx_word' id='word_1_157' title='bbox 923 2283 1006 2339; x_wconf 87' lang='lat' dir='ltr'>labra</span> <span class='ocrx_word' id='word_1_158' title='bbox 1021 2297 1125 2359; x_wconf 88' lang='lat' dir='ltr'>aperta</span> <span class='ocrx_word' id='word_1_159' title='bbox 1141 2303 1177 2339; x_wconf 88' lang='lat' dir='ltr'>ac</span> <span class='ocrx_word' id='word_1_160' title='bbox 1192 2297 1339 2360; x_wconf 88' lang='lat' dir='ltr'>porrecta,</span> <span class='ocrx_word' id='word_1_161' title='bbox 1364 2301 1436 2338; x_wconf 87' lang='lat' dir='ltr'>naso</span> 
     </span>
     <span class='ocr_line' id='line_1_18' title="bbox 264 2389 1432 2467; baseline 0.002 -23"><span class='ocrx_word' id='word_1_162' title='bbox 264 2389 440 2465; x_wconf 81' lang='lat' dir='ltr'>longitudine</span> <span class='ocrx_word' id='word_1_163' title='bbox 463 2391 559 2466; x_wconf 80' lang='lat' dir='ltr'>paria3</span> <span class='ocrx_word' id='word_1_164' title='bbox 589 2390 667 2446; x_wconf 91' lang='lat' dir='ltr'>frons</span> <span class='ocrx_word' id='word_1_165' title='bbox 694 2391 732 2446; x_wconf 91' lang='lat' dir='ltr'>ad</span> <span class='ocrx_word' id='word_1_166' title='bbox 755 2391 862 2446; x_wconf 87' lang='lat' dir='ltr'>cristae</span> <span class='ocrx_word' id='word_1_167' title='bbox 885 2389 1094 2448; x_wconf 89' lang='lat' dir='ltr'>similitudinem</span> <span class='ocrx_word' id='word_1_168' title='bbox 1117 2403 1288 2467; x_wconf 89' lang='lat' dir='ltr'>comparata</span> <span class='ocrx_word' id='word_1_169' title='bbox 1312 2390 1432 2460; x_wconf 79' lang='lat' dir='ltr'>videtur,</span> 
     </span>
     <span class='ocr_line' id='line_1_19' title="bbox 264 2496 1436 2573; baseline 0 -21"><span class='ocrx_word' id='word_1_170' title='bbox 264 2515 358 2570; x_wconf 91' lang='lat' dir='ltr'>neque</span> <span class='ocrx_word' id='word_1_171' title='bbox 392 2497 482 2552; x_wconf 89' lang='lat' dir='ltr'>minus</span> <span class='ocrx_word' id='word_1_172' title='bbox 517 2498 544 2552; x_wconf 90' lang='lat' dir='ltr'>in</span> <span class='ocrx_word' id='word_1_173' title='bbox 572 2496 695 2553; x_wconf 89' lang='lat' dir='ltr'>tibicinis</span> <span class='ocrx_word' id='word_1_174' title='bbox 723 2497 817 2553; x_wconf 91' lang='lat' dir='ltr'>fronte</span> <span class='ocrx_word' id='word_1_175' title='bbox 845 2496 910 2552; x_wconf 87' lang='lat' dir='ltr'>talis</span> <span class='ocrx_word' id='word_1_176' title='bbox 938 2497 1044 2553; x_wconf 90' lang='lat' dir='ltr'>cristae</span> <span class='ocrx_word' id='word_1_177' title='bbox 1071 2496 1135 2553; x_wconf 89' lang='lat' dir='ltr'>leve</span> <span class='ocrx_word' id='word_1_178' title='bbox 1160 2497 1310 2572; x_wconf 76' lang='lat' dir='ltr'>vestigium</span> <span class='ocrx_word' id='word_1_179' title='bbox 1335 2497 1436 2573; x_wconf 89' lang='lat' dir='ltr'>depre-</span> 
     </span>
     <span class='ocr_line' id='line_1_20' title="bbox 266 2603 1435 2660; baseline -0.001 -1"><span class='ocrx_word' id='word_1_180' title='bbox 266 2603 407 2660; x_wconf 88' lang='lat' dir='ltr'>henditur.</span> <span class='ocrx_word' id='word_1_181' title='bbox 455 2603 581 2660; x_wconf 87' lang='lat' dir='ltr'>Alterius</span> <span class='ocrx_word' id='word_1_182' title='bbox 604 2604 762 2660; x_wconf 87' lang='lat' dir='ltr'>choreutae</span> <span class='ocrx_word' id='word_1_183' title='bbox 786 2603 875 2660; x_wconf 88' lang='lat' dir='ltr'>facies</span> <span class='ocrx_word' id='word_1_184' title='bbox 898 2618 927 2659; x_wconf 93' lang='lat' dir='ltr'>et</span> <span class='ocrx_word' id='word_1_185' title='bbox 950 2604 1037 2660; x_wconf 88' lang='lat' dir='ltr'>crista</span> <span class='ocrx_word' id='word_1_186' title='bbox 1054 2617 1135 2660; x_wconf 90' lang='lat' dir='ltr'>caret</span> <span class='ocrx_word' id='word_1_187' title='bbox 1151 2617 1180 2660; x_wconf 90' lang='lat' dir='ltr'>et</span> <span class='ocrx_word' id='word_1_188' title='bbox 1195 2623 1229 2660; x_wconf 85' lang='lat' dir='ltr'>os</span> <span class='ocrx_word' id='word_1_189' title='bbox 1246 2603 1335 2660; x_wconf 91' lang='lat' dir='ltr'>habet</span> <span class='ocrx_word' id='word_1_190' title='bbox 1351 2604 1435 2658; x_wconf 88' lang='lat' dir='ltr'>aliurn</span> 
     </span>
     <span class='ocr_line' id='line_1_21' title="bbox 266 2710 1217 2779; baseline 0 -13"><span class='ocrx_word' id='word_1_191' title='bbox 266 2711 293 2766; x_wconf 90' lang='lat' dir='ltr'>in</span> <span class='ocrx_word' id='word_1_192' title='bbox 318 2710 430 2766; x_wconf 91' lang='lat' dir='ltr'>modum</span> <span class='ocrx_word' id='word_1_193' title='bbox 455 2711 672 2779; x_wconf 83' lang='lat' dir='ltr'>conformatum,</span> <span class='ocrx_word' id='word_1_194' title='bbox 698 2711 737 2766; x_wconf 86' lang='lat' dir='ltr'>ita</span> <span class='ocrx_word' id='word_1_195' title='bbox 760 2724 791 2766; x_wconf 93' lang='lat' dir='ltr'>ut</span> <span class='ocrx_word' id='word_1_196' title='bbox 813 2711 872 2768; x_wconf 88' lang='lat' dir='ltr'>suis</span> <span class='ocrx_word' id='word_1_197' title='bbox 895 2711 938 2767; x_wconf 88' lang='lat' dir='ltr'>ori</span> <span class='ocrx_word' id='word_1_198' title='bbox 962 2711 1053 2767; x_wconf 88' lang='lat' dir='ltr'>simile</span> <span class='ocrx_word' id='word_1_199' title='bbox 1077 2710 1217 2766; x_wconf 85' lang='lat' dir='ltr'>videatur.</span> 
     </span>
    </p>

    <p class='ocr_par' dir='ltr' id='par_1_3' title="bbox 266 2815 1439 3622">
     <span class='ocr_line' id='line_1_22' title="bbox 355 2815 1437 2894; baseline 0.001 -22"><span class='ocrx_word' id='word_1_200' title='bbox 355 2817 495 2886; x_wconf 86' lang='lat' dir='ltr'>Quamvis</span> <span class='ocrx_word' id='word_1_201' title='bbox 518 2817 604 2894; x_wconf 86' lang='lat' dir='ltr'>pallia</span> <span class='ocrx_word' id='word_1_202' title='bbox 628 2831 686 2873; x_wconf 88' lang='lat' dir='ltr'>tam</span> <span class='ocrx_word' id='word_1_203' title='bbox 710 2831 793 2874; x_wconf 87' lang='lat' dir='ltr'>vasta</span> <span class='ocrx_word' id='word_1_204' title='bbox 814 2816 853 2873; x_wconf 90' lang='lat' dir='ltr'>ab</span> <span class='ocrx_word' id='word_1_205' title='bbox 870 2817 964 2873; x_wconf 87' lang='lat' dir='ltr'>avium</span> <span class='ocrx_word' id='word_1_206' title='bbox 981 2818 1113 2893; x_wconf 88' lang='lat' dir='ltr'>personis</span> <span class='ocrx_word' id='word_1_207' title='bbox 1129 2815 1316 2887; x_wconf 86' lang='lat' dir='ltr'>abhorreant,</span> <span class='ocrx_word' id='word_1_208' title='bbox 1342 2831 1437 2874; x_wconf 88' lang='lat' dir='ltr'>tamen</span> 
     </span>
     <span class='ocr_line' id='line_1_23' title="bbox 266 2923 1438 3000; baseline 0 -22"><span class='ocrx_word' id='word_1_209' title='bbox 266 2923 370 2979; x_wconf 84' lang='lat' dir='ltr'>frustra</span> <span class='ocrx_word' id='word_1_210' title='bbox 394 2943 469 2998; x_wconf 85' lang='lat' dir='ltr'>quae</span> <span class='ocrx_word' id='word_1_211' title='bbox 493 2923 549 2979; x_wconf 89' lang='lat' dir='ltr'>alia</span> <span class='ocrx_word' id='word_1_212' title='bbox 573 2924 706 2980; x_wconf 86' lang='lat' dir='ltr'>animalia</span> <span class='ocrx_word' id='word_1_213' title='bbox 729 2925 808 3000; x_wconf 88' lang='lat' dir='ltr'>picta</span> <span class='ocrx_word' id='word_1_214' title='bbox 831 2925 896 2993; x_wconf 87' lang='lat' dir='ltr'>sint,</span> <span class='ocrx_word' id='word_1_215' title='bbox 922 2925 1131 2999; x_wconf 85' lang='lat' dir='ltr'>circumspicio.</span> <span class='ocrx_word' id='word_1_216' title='bbox 1171 2925 1209 2980; x_wconf 90' lang='lat' dir='ltr'>Et</span> <span class='ocrx_word' id='word_1_217' title='bbox 1232 2943 1268 2980; x_wconf 87' lang='lat' dir='ltr'>ex</span> <span class='ocrx_word' id='word_1_218' title='bbox 1291 2924 1385 2980; x_wconf 86' lang='lat' dir='ltr'>cristis</span> <span class='ocrx_word' id='word_1_219' title='bbox 1408 2937 1438 2980; x_wconf 91' lang='lat' dir='ltr'>et</span> 
     </span>
     <span class='ocr_line' id='line_1_24' title="bbox 266 3029 1438 3106; baseline 0.001 -21"><span class='ocrx_word' id='word_1_220' title='bbox 266 3049 303 3085; x_wconf 84' lang='lat' dir='ltr'>ex</span> <span class='ocrx_word' id='word_1_221' title='bbox 336 3029 437 3086; x_wconf 90' lang='lat' dir='ltr'>barbis</span> <span class='ocrx_word' id='word_1_222' title='bbox 472 3031 599 3104; x_wconf 90' lang='lat' dir='ltr'>utrisque</span> <span class='ocrx_word' id='word_1_223' title='bbox 633 3031 736 3099; x_wconf 80' lang='lat' dir='ltr'>rubris,</span> <span class='ocrx_word' id='word_1_224' title='bbox 773 3032 821 3105; x_wconf 91' lang='lat' dir='ltr'>qui</span> <span class='ocrx_word' id='word_1_225' title='bbox 849 3031 984 3087; x_wconf 86' lang='lat' dir='ltr'>Gerbard</span> <span class='ocrx_word' id='word_1_226' title='bbox 1014 3031 1031 3086; x_wconf 88' lang='lat' dir='ltr'>l.</span> <span class='ocrx_word' id='word_1_227' title='bbox 1058 3050 1083 3086; x_wconf 88' lang='lat' dir='ltr'>c.</span> <span class='ocrx_word' id='word_1_228' title='bbox 1113 3031 1281 3088; x_wconf 88' lang='lat' dir='ltr'>sententiam</span> <span class='ocrx_word' id='word_1_229' title='bbox 1306 3030 1438 3106; x_wconf 86' lang='lat' dir='ltr'>proferre</span> 
     </span>
     <span class='ocr_line' id='line_1_25' title="bbox 267 3135 1437 3214; baseline 0.002 -24"><span class='ocrx_word' id='word_1_230' title='bbox 267 3137 358 3214; x_wconf 86' lang='lat' dir='ltr'>possit</span> <span class='ocrx_word' id='word_1_231' title='bbox 380 3137 475 3212; x_wconf 77' lang='lat' dir='ltr'>gallos</span> <span class='ocrx_word' id='word_1_232' title='bbox 495 3139 716 3214; x_wconf 74' lang='lat' dir='ltr'>repraesentari,</span> <span class='ocrx_word' id='word_1_233' title='bbox 743 3138 826 3194; x_wconf 85' lang='lat' dir='ltr'>facile</span> <span class='ocrx_word' id='word_1_234' title='bbox 844 3138 980 3213; x_wconf 78' lang='lat' dir='ltr'>intellig0,</span> <span class='ocrx_word' id='word_1_235' title='bbox 1005 3138 1112 3214; x_wconf 90' lang='lat' dir='ltr'>etipse</span> <span class='ocrx_word' id='word_1_236' title='bbox 1129 3135 1222 3194; x_wconf 85' lang='lat' dir='ltr'>Smith</span> <span class='ocrx_word' id='word_1_237' title='bbox 1239 3138 1256 3193; x_wconf 91' lang='lat' dir='ltr'>l.</span> <span class='ocrx_word' id='word_1_238' title='bbox 1275 3157 1300 3193; x_wconf 91' lang='lat' dir='ltr'>c.</span> <span class='ocrx_word' id='word_1_239' title='bbox 1326 3159 1354 3214; x_wconf 90' lang='lat' dir='ltr'>p.</span> <span class='ocrx_word' id='word_1_240' title='bbox 1375 3156 1437 3211; x_wconf 85' lang='lat'>310</span> 
     </span>
     <span class='ocr_line' id='line_1_26' title="bbox 266 3243 1438 3320; baseline -0.001 -20"><span class='ocrx_word' id='word_1_241' title='bbox 266 3263 331 3300; x_wconf 89' lang='lat' dir='ltr'>esse</span> <span class='ocrx_word' id='word_1_242' title='bbox 355 3244 449 3300; x_wconf 90' lang='lat' dir='ltr'>avium</span> <span class='ocrx_word' id='word_1_243' title='bbox 473 3245 570 3320; x_wconf 86' lang='lat' dir='ltr'>capita</span> <span class='ocrx_word' id='word_1_244' title='bbox 594 3257 701 3300; x_wconf 90' lang='lat' dir='ltr'>censet.</span> <span class='ocrx_word' id='word_1_245' title='bbox 734 3244 874 3319; x_wconf 87' lang='lat' dir='ltr'>Equidem</span> <span class='ocrx_word' id='word_1_246' title='bbox 898 3263 1011 3300; x_wconf 88' lang='lat' dir='ltr'>ornnem</span> <span class='ocrx_word' id='word_1_247' title='bbox 1035 3243 1241 3301; x_wconf 88' lang='lat' dir='ltr'>dubitationem</span> <span class='ocrx_word' id='word_1_248' title='bbox 1262 3245 1346 3300; x_wconf 80' lang='lat' dir='ltr'>eximi</span> <span class='ocrx_word' id='word_1_249' title='bbox 1363 3243 1438 3300; x_wconf 87' lang='lat' dir='ltr'>arbi-</span> 
     </span>
     <span class='ocr_line' id='line_1_27' title="bbox 267 3351 1439 3428; baseline -0.002 -20"><span class='ocrx_word' id='word_1_250' title='bbox 267 3367 336 3421; x_wconf 82' lang='lat' dir='ltr'>tror,</span> <span class='ocrx_word' id='word_1_251' title='bbox 373 3352 397 3408; x_wconf 88' lang='lat' dir='ltr'>si</span> <span class='ocrx_word' id='word_1_252' title='bbox 431 3351 586 3408; x_wconf 87' lang='lat' dir='ltr'>eboreutas</span> <span class='ocrx_word' id='word_1_253' title='bbox 620 3352 658 3408; x_wconf 89' lang='lat' dir='ltr'>ad</span> <span class='ocrx_word' id='word_1_254' title='bbox 693 3352 787 3408; x_wconf 90' lang='lat' dir='ltr'>avium</span> <span class='ocrx_word' id='word_1_255' title='bbox 823 3351 1060 3426; x_wconf 87' lang='lat' dir='ltr'>qualiumcunque</span> <span class='ocrx_word' id='word_1_256' title='bbox 1088 3352 1236 3428; x_wconf 84' lang='lat' dir='ltr'>exemplar</span> <span class='ocrx_word' id='word_1_257' title='bbox 1265 3363 1439 3427; x_wconf 87' lang='lat' dir='ltr'>personatos</span> 
     </span>
     <span class='ocr_line' id='line_1_28' title="bbox 268 3455 1438 3535; baseline -0.002 -19"><span class='ocrx_word' id='word_1_258' title='bbox 268 3459 378 3516; x_wconf 87' lang='lat' dir='ltr'>nonnisi</span> <span class='ocrx_word' id='word_1_259' title='bbox 412 3457 505 3534; x_wconf 91' lang='lat' dir='ltr'>palliis</span> <span class='ocrx_word' id='word_1_260' title='bbox 540 3458 593 3514; x_wconf 85' lang='lat' dir='ltr'>illis</span> <span class='ocrx_word' id='word_1_261' title='bbox 627 3459 716 3514; x_wconf 89' lang='lat' dir='ltr'>vastis</span> <span class='ocrx_word' id='word_1_262' title='bbox 750 3458 903 3534; x_wconf 82' lang='lat' dir='ltr'>expeditos</span> <span class='ocrx_word' id='word_1_263' title='bbox 936 3455 1152 3535; x_wconf 63' lang='lat' dir='ltr'>(arenosorum)</span> <span class='ocrx_word' id='word_1_264' title='bbox 1188 3457 1343 3514; x_wconf 88' lang='lat' dir='ltr'>saltaturos</span> <span class='ocrx_word' id='word_1_265' title='bbox 1373 3475 1438 3514; x_wconf 86' lang='lat' dir='ltr'>esse</span> 
     </span>
     <span class='ocr_line' id='line_1_29' title="bbox 267 3579 433 3622; baseline -0.006 -1"><span class='ocrx_word' id='word_1_266' title='bbox 267 3579 433 3622; x_wconf 85' lang='lat' dir='ltr'>statuemus.</span> 
     </span>
    </p>

    <p class='ocr_par' dir='ltr' id='par_1_4' title="bbox 267 3671 1439 3848">
     <span class='ocr_line' id='line_1_30' title="bbox 357 3671 1439 3729; baseline -0.001 -2"><span class='ocrx_word' id='word_1_267' title='bbox 357 3673 387 3728; x_wconf 93' lang='lat' dir='ltr'>ln</span> <span class='ocrx_word' id='word_1_268' title='bbox 415 3673 507 3729; x_wconf 88' lang='lat' dir='ltr'>altero</span> <span class='ocrx_word' id='word_1_269' title='bbox 535 3672 625 3728; x_wconf 88' lang='lat' dir='ltr'>latere</span> <span class='ocrx_word' id='word_1_270' title='bbox 650 3691 703 3728; x_wconf 89' lang='lat' dir='ltr'>vas</span> <span class='ocrx_word' id='word_1_271' title='bbox 726 3673 794 3728; x_wconf 90' lang='lat' dir='ltr'>nihil</span> <span class='ocrx_word' id='word_1_272' title='bbox 817 3671 937 3728; x_wconf 85' lang='lat' dir='ltr'>exbibet</span> <span class='ocrx_word' id='word_1_273' title='bbox 960 3673 1013 3728; x_wconf 85' lang='lat' dir='ltr'>nisi</span> <span class='ocrx_word' id='word_1_274' title='bbox 1037 3673 1179 3728; x_wconf 91' lang='lat' dir='ltr'>hominem</span> <span class='ocrx_word' id='word_1_275' title='bbox 1204 3672 1353 3728; x_wconf 90' lang='lat' dir='ltr'>schemate</span> <span class='ocrx_word' id='word_1_276' title='bbox 1376 3690 1439 3727; x_wconf 93' lang='lat' dir='ltr'>cur·</span> 
     </span>
     <span class='ocr_line' id='line_1_31' title="bbox 267 3779 1020 3848; baseline -0.003 -12"><span class='ocrx_word' id='word_1_277' title='bbox 267 3779 341 3836; x_wconf 86' lang='lat' dir='ltr'>soris</span> <span class='ocrx_word' id='word_1_278' title='bbox 365 3779 501 3836; x_wconf 89' lang='lat' dir='ltr'>archaice</span> <span class='ocrx_word' id='word_1_279' title='bbox 525 3779 706 3848; x_wconf 80' lang='lat' dir='ltr'>delineatum,</span> <span class='ocrx_word' id='word_1_280' title='bbox 731 3779 844 3836; x_wconf 86' lang='lat' dir='ltr'>clavam</span> <span class='ocrx_word' id='word_1_281' title='bbox 868 3793 1020 3836; x_wconf 91' lang='lat' dir='ltr'>tenentem.</span> 
     </span>
    </p>

    <p class='ocr_par' dir='ltr' id='par_1_5' title="bbox 267 3883 1437 4068">
     <span class='ocr_line' id='line_1_32' title="bbox 358 3883 1437 3962; baseline 0 -20"><span class='ocrx_word' id='word_1_282' title='bbox 358 3885 486 3944; x_wconf 84' lang='lat' dir='ltr'>Alterum</span> <span class='ocrx_word' id='word_1_283' title='bbox 515 3905 577 3956; x_wconf 85' lang='lat' dir='ltr'>vas,</span> <span class='ocrx_word' id='word_1_284' title='bbox 607 3886 684 3960; x_wconf 93' lang='lat' dir='ltr'>quod</span> <span class='ocrx_word' id='word_1_285' title='bbox 714 3905 749 3942; x_wconf 82' lang='lat' dir='ltr'>ex</span> <span class='ocrx_word' id='word_1_286' title='bbox 779 3885 901 3961; x_wconf 78' lang='lat' dir='ltr'>caligine</span> <span class='ocrx_word' id='word_1_287' title='bbox 925 3886 951 3941; x_wconf 89' lang='lat' dir='ltr'>in</span> <span class='ocrx_word' id='word_1_288' title='bbox 976 3886 1067 3942; x_wconf 92' lang='lat' dir='ltr'>lucem</span> <span class='ocrx_word' id='word_1_289' title='bbox 1091 3885 1209 3962; x_wconf 89' lang='lat' dir='ltr'>protulit</span> <span class='ocrx_word' id='word_1_290' title='bbox 1232 3885 1311 3942; x_wconf 88' lang='lat' dir='ltr'>Cecil</span> <span class='ocrx_word' id='word_1_291' title='bbox 1334 3883 1437 3954; x_wconf 90' lang='lat' dir='ltr'>Smith‚</span> 
     </span>
     <span class='ocr_line' id='line_1_33' title="bbox 267 3991 1437 4068; baseline -0.002 -18"><span class='ocrx_word' id='word_1_292' title='bbox 267 4007 400 4050; x_wconf 88' lang='lat' dir='ltr'>servatur</span> <span class='ocrx_word' id='word_1_293' title='bbox 424 3994 451 4048; x_wconf 92' lang='lat' dir='ltr'>in</span> <span class='ocrx_word' id='word_1_294' title='bbox 474 4011 573 4050; x_wconf 87' lang='lat' dir='ltr'>museo</span> <span class='ocrx_word' id='word_1_295' title='bbox 590 3993 763 4062; x_wconf 77' lang='lat' dir='ltr'>Britannico,</span> <span class='ocrx_word' id='word_1_296' title='bbox 789 3993 940 4049; x_wconf 89' lang='lat' dir='ltr'>oenocboe</span> <span class='ocrx_word' id='word_1_297' title='bbox 963 4011 1039 4048; x_wconf 88' lang='lat' dir='ltr'>anno</span> <span class='ocrx_word' id='word_1_298' title='bbox 1061 3991 1140 4066; x_wconf 86' lang='lat'>1835</span> <span class='ocrx_word' id='word_1_299' title='bbox 1166 3993 1194 4048; x_wconf 95' lang='lat' dir='ltr'>in</span> <span class='ocrx_word' id='word_1_300' title='bbox 1210 3991 1291 4048; x_wconf 90' lang='lat' dir='ltr'>ltalia</span> <span class='ocrx_word' id='word_1_301' title='bbox 1311 4004 1437 4068; x_wconf 89' lang='lat' dir='ltr'>reperta.</span> 
     </span>
    </p>
   </div>
   <div class='ocr_carea' id='block_1_3' title="bbox 269 4095 1439 4177">
    <p class='ocr_par' dir='ltr' id='par_1_6' title="bbox 269 4095 1439 4177">
     <span class='ocr_line' id='line_1_34' title="bbox 269 4095 1439 4177; baseline -0.003 -19"><span class='ocrx_word' id='word_1_302' title='bbox 269 4100 333 4158; x_wconf 88' lang='lat' dir='ltr'>Una</span> <span class='ocrx_word' id='word_1_303' title='bbox 356 4113 474 4156; x_wconf 90' lang='lat' dir='ltr'>ornatur</span> <span class='ocrx_word' id='word_1_304' title='bbox 497 4100 643 4158; x_wconf 88' lang='lat' dir='ltr'>vasculum</span> <span class='ocrx_word' id='word_1_305' title='bbox 667 4100 779 4176; x_wconf 86' lang='lat' dir='ltr'>pictura</span> <span class='ocrx_word' id='word_1_306' title='bbox 803 4100 831 4156; x_wconf 90' lang='lat' dir='ltr'>iu</span> <span class='ocrx_word' id='word_1_307' title='bbox 855 4100 947 4156; x_wconf 90' lang='lat' dir='ltr'>fronte</span> <span class='ocrx_word' id='word_1_308' title='bbox 971 4099 1115 4156; x_wconf 85' lang='lat' dir='ltr'>collocata</span> <span class='ocrx_word' id='word_1_309' title='bbox 1138 4095 1248 4177; x_wconf 82' lang='lat' dir='ltr'>(Journ.</span> <span class='ocrx_word' id='word_1_310' title='bbox 1273 4101 1302 4156; x_wconf 94' lang='lat' dir='ltr'>ol</span> <span class='ocrx_word' id='word_1_311' title='bbox 1326 4099 1439 4156; x_wconf 87' lang='lat' dir='ltr'>Hellen.</span> 
     </span>
    </p>
   </div>
   <div class='ocr_carea' id='block_1_4' title="bbox 268 4205 1441 4283">
    <p class='ocr_par' dir='ltr' id='par_1_7' title="bbox 268 4205 1441 4283">
     <span class='ocr_line' id='line_1_35' title="bbox 268 4205 1441 4283; baseline 0 -21"><span class='ocrx_word' id='word_1_312' title='bbox 268 4205 351 4262; x_wconf 85' lang='lat' dir='ltr'>Stud.</span> <span class='ocrx_word' id='word_1_313' title='bbox 376 4206 417 4261; x_wconf 89' lang='lat' dir='ltr'>Pl.</span> <span class='ocrx_word' id='word_1_314' title='bbox 442 4205 510 4263; x_wconf 90' lang='lat' dir='ltr'>XIV</span> <span class='ocrx_word' id='word_1_315' title='bbox 535 4207 566 4262; x_wconf 89' lang='lat' dir='ltr'>B.</span> <span class='ocrx_word' id='word_1_316' title='bbox 590 4209 626 4281; x_wconf 88' lang='lat'>1).</span> <span class='ocrx_word' id='word_1_317' title='bbox 671 4207 700 4262; x_wconf 94' lang='lat' dir='ltr'>ln</span> <span class='ocrx_word' id='word_1_318' title='bbox 724 4207 839 4264; x_wconf 87' lang='lat' dir='ltr'>sinistra</span> <span class='ocrx_word' id='word_1_319' title='bbox 862 4219 945 4283; x_wconf 90' lang='lat' dir='ltr'>parte</span> <span class='ocrx_word' id='word_1_320' title='bbox 969 4207 1123 4282; x_wconf 86' lang='lat' dir='ltr'>aspicimus</span> <span class='ocrx_word' id='word_1_321' title='bbox 1146 4206 1291 4262; x_wconf 87' lang='lat' dir='ltr'>tibicinem</span> <span class='ocrx_word' id='word_1_322' title='bbox 1314 4206 1352 4262; x_wconf 89' lang='lat' dir='ltr'>ad</span> <span class='ocrx_word' id='word_1_323' title='bbox 1373 4206 1441 4262; x_wconf 82' lang='lat' dir='ltr'>dex·</span> 
     </span>
    </p>
   </div>
   <div class='ocr_carea' id='block_1_5' title="bbox 0 0 1652 4684">
    <p class='ocr_par' dir='ltr' id='par_1_8' title="bbox 0 0 1652 4684">
     <span class='ocr_line' id='line_1_36' title="bbox 0 0 1652 4684; baseline 0 0"><span class='ocrx_word' id='word_1_324' title='bbox 0 0 1652 4684; x_wconf 95' lang='lat' dir='ltr'> </span> 
     </span>
    </p>
   </div>
  </div>
 </body>
</html>
