3270 4684
737 493 773 500 -..
826 477 864 515 20
915 493 950 500 ...-

255 640 336 696 »εἰηε
362 639 507 695 harmlose
533 639 667 694 Feerieu?
704 637 812 694 Contra
836 639 859 693 si
886 653 996 714 partem
1022 638 1126 693 Avium
1150 644 1191 710 (ν.
1217 655 1424 713 903—1055,

256 741 484 824 1335—1469)
519 765 576 820 qua
612 745 648 800 ad
685 746 726 800 rei
761 743 895 821 publicae
929 759 1035 801 statum
1063 763 1099 801 ac
1130 745 1328 802 condicionem
1357 746 1427 800 satis

248 851 446 927 significanter
469 865 556 928 poeta
581 852 688 921 alludit,
714 869 857 927 quamque
881 853 912 906 Z.
938 871 966 927 p.
991 870 1021 907 ιι
1056 864 1087 907 ut
1109 851 1257 908 scurrilem
1281 851 1425 928 quandam

250 959 358 1014 intento
393 971 501 1014 tantum
537 958 628 1033 digito
656 959 757 1033 tetigit,
794 959 907 1014 acriore
936 958 1040 1014 iudicio
1064 957 1264 1035 perpenderis,
1300 977 1364 1015 eam
1388 957 1425 1012 ad

248 1077 338 1122 totam
375 1066 554 1122 comoediam
590 1078 670 1120 recte
704 1064 912 1120 aestimandam
948 1065 1063 1120 maximi
1099 1083 1164 1121 esse
1199 1065 1337 1140 ponderis
1364 1066 1427 1120 sine

250 1169 337 1227 dubio
361 1170 543 1228 observabis.
577 1171 679 1228 Altero
704 1171 785 1227 huius
809 1171 1019 1228 dissertationis
1043 1173 1138 1248 capite
1155 1173 1311 1228 simillimas
1326 1183 1427 1248 partes

250 1267 279 1334 in·
301 1277 495 1354 compluribus
519 1278 676 1335 comoediis
694 1278 898 1354 Aristophanis
922 1279 1009 1334 certis
1033 1278 1136 1334 finibus
1160 1278 1424 1344 circumcludemus,

249 1385 324 1441 unde
347 1383 486 1441 efficietur
509 1403 544 1440 ea
568 1385 631 1460 ipsa
656 1385 848 1461 componendi
871 1386 983 1440 ratione
1006 1385 1115 1459 signari
1138 1385 1318 1442 comoediam
1334 1385 1425 1462 politi-

250 1511 323 1547 cam.
371 1491 442 1547 Cum
466 1492 503 1546 ad
528 1511 591 1548 eam
616 1510 732 1548 scenam
756 1503 824 1568 post
847 1491 1013 1567 parabasim
1038 1493 1064 1546 in
1082 1492 1204 1547 medium
1221 1491 1425 1548 conferendam

250 1599 376 1675 priorem
412 1597 537 1653 fabulam
573 1599 787 1654 accommodari
823 1611 968 1674 oporteat,
1005 1599 1033 1653 in
1062 1598 1175 1654 Avibus
1199 1617 1313 1674 quoque
1342 1617 1425 1675 para·

251 1705 361 1778 mythia
397 1723 453 1760 non
489 1705 614 1782 ipsorum
644 1724 742 1776 causa,
778 1705 831 1760 sed
858 1717 889 1760 ut
917 1705 1052 1781 politicae
1077 1705 1234 1760 inserviant
1257 1705 1426 1761 comoediae

250 1811 464 1888 exsculpendas
489 1831 506 1866 a
530 1825 617 1888 poeta
642 1826 776 1888 prompta
800 1824 830 1868 et
852 1824 988 1886 quantum
1014 1812 1040 1867 ei
1062 1812 1152 1867 visum
1177 1826 1222 1868 est
1237 1825 1344 1868 mutata
1361 1829 1427 1868 esse

251 1919 388 1974 dicemus.

341 2025 567 2082 Fundamentum
604 2025 699 2100 igitur,
735 2043 792 2100 quo
828 2025 925 2081 nititur
955 2026 1168 2100 argumentatio
1192 2025 1249 2095 illa,
1286 2026 1363 2081 haud
1387 2028 1423 2082 ita

251 2133 361 2188 firmum
390 2132 457 2188 mihi
487 2132 608 2189 videtur.
657 2134 701 2188 Ac
725 2133 776 2203 eis,
813 2152 888 2208 quae
912 2151 948 2188 ex
973 2132 1187 2213 deperditarum
1212 2133 1426 2189 comoediarum

251 2239 420 2313 fragmentis
466 2239 600 2296 Zielinski
646 2240 751 2296 elicere
790 2253 911 2296 conatus
949 2251 1007 2310 est,
1056 2240 1082 2294 in
1122 2239 1284 2295 universum
1323 2239 1423 2308 verba,

251 2344 354 2419 quibus
383 2345 488 2402 Kaibel
522 2347 634 2420 (Herm.
666 2346 772 2416 XXIV,
809 2367 838 2423 p.
871 2347 924 2420 52)
959 2365 1050 2422 nuper
1078 2346 1216 2402 eiusmodi
1245 2348 1428 2404 coniecturas

252 2452 463 2520 condemnavit,
488 2466 557 2529 apte
580 2467 777 2529 opponantur:
819 2441 1010 2529 »Uberhaupt
1026 2453 1061 2508 ist
1077 2471 1109 2508 es
1125 2466 1253 2528 gewagt‚
1279 2473 1330 2509 aus
1347 2455 1426 2510 einer

252 2558 454 2615 erkennbaren
482 2557 577 2616 Scene
612 2560 667 2615 den
696 2559 783 2634 Gang
812 2559 863 2615 des
891 2559 1063 2616 verlorenen
1086 2557 1211 2616 Stllckes
1234 2560 1425 2616 erschliessen

252 2687 286 2721 zu
324 2665 436 2723 wollen.
485 2665 552 2722 Wie
587 2667 660 2722 viele
697 2665 864 2722 fruchtbare
900 2665 1094 2721 dramatische
1123 2667 1232 2722 Motive
1261 2667 1354 2742 liegen
1379 2667 1425 2722 bei

255 2772 465 2848 Aristophanes
493 2773 520 2827 in
550 2771 721 2848 bellitufrgen
752 2773 977 2848 Andeutungen,
1006 2772 1079 2828 oder
1107 2774 1134 2828 in
1163 2774 1426 2848 untergeordneten

252 2877 366 2935 Scenen
391 2880 551 2935 versteckt:
588 2885 686 2935 v'dren
714 2881 755 2935 sie
780 2899 832 2935 uus
856 2880 898 2935 als
923 2880 1095 2935 vereinzelte
1120 2881 1319 2936 Bruchstdcke
1344 2881 1427 2936 iiber-

253 2985 353 3054 liefert,
391 2987 446 3041 wie
474 2986 547 3041 viele
577 2986 664 3060 irrige
687 2983 825 3042 Schltisse
850 2985 949 3042 wiirde
974 3004 1038 3041 man
1062 3005 1114 3041 aus
1138 2987 1223 3043 ihnen
1248 2989 1323 3043 nach
1347 2989 1427 3044 einer

253 3092 343 3148 leider
369 3094 469 3148 immer
492 3092 567 3148 noch
592 3093 670 3148 nicht
693 3092 926 3149 fiberwundenen
951 3092 1088 3148 Methode
1117 3093 1161 3147 sor
1184 3093 1239 3149 den
1264 3095 1350 3168 Gang
1375 3095 1428 3149 der

254 3199 408 3273 Handlung
443 3198 533 3254 selbst
568 3199 698 3255 ziehen.u
759 3199 804 3255 De
832 3200 950 3274 singulis
978 3197 1163 3274 quibusdam,
1199 3219 1274 3274 quae
1302 3201 1370 3255 mihi
1399 3201 1426 3255 in

253 3305 369 3380 reliquis
394 3305 531 3382 deinceps
554 3319 742 3362 occurrerunt
765 3305 965 3382 improbanda,
991 3326 1075 3380 quam
1093 3305 1263 3362 brevissime
1279 3325 1425 3383 exponere

254 3413 347 3468 liceat.

352 3519 395 3573 Ex
425 3518 568 3574 Athenaei
597 3519 662 3575 loco
691 3519 729 3577 Vl
755 3518 816 3592 267
842 3537 867 3590 e,
897 3521 1109 3595 praecipueque
1136 3539 1172 3575 ex
1201 3519 1367 3593 fragmentis
1391 3539 1428 3576 eo

252 3588 320 3682 loco
348 3627 472 3682 servatis
500 3626 591 3682 critici
619 3640 753 3683 eruerunt
780 3639 884 3702 poetas
913 3627 940 3681 in
969 3625 1022 3681 illis
1046 3626 1203 3682 comoediis
1226 3627 1351 3702 priscam
1377 3627 1428 3684 ho·

255 3737 357 3788 minum
375 3732 537 3789 felicitatem
558 3733 783 3810 »descripsisse«
795 3731 824 3808 ¹),
847 3752 905 3808 quo
921 3749 980 3793 non
996 3733 1081 3788 nimia
1098 3733 1306 3789 contenduntur
1323 3733 1424 3789 verbo.

255 3839 312 3896 Sed
338 3858 493 3896 caveamus
516 3859 552 3896 ne
576 3841 666 3896 secuti
682 3839 863 3896 Zielinskium
889 3839 989 3896 falsam
1006 3840 1168 3916 opinionem
1186 3855 1279 3896 mente
1297 3859 1426 3917 compre·

328 4083 346 4151 ¹)
366 4087 456 4150 Bergk,
476 4087 572 4137 Comm.
593 4089 625 4136 de
638 4087 731 4150 Reliqu.
746 4088 818 4138 Com.
831 4089 882 4136 au.
903 4102 927 4149 p.
946 4089 1005 4148 l()6;
1026 4087 1137 4149 hitgsch.
1158 4103 1183 4150 p.
1197 4088 1238 4137 56.
1271 4088 1426 4152 Bernhardy,

256 4177 365 4238 Litgsch.
387 4176 431 4224 112
452 4192 476 4238 p.
491 4177 550 4225 580.
