3270 4684
269 789 395 852 poetam,
421 777 444 831 is
467 791 512 830 est
535 776 736 832 Pherecrates.
784 776 830 832 De
853 796 910 850 quo
935 775 1068 832 Zielinski
1093 797 1121 852 p.
1143 794 1191 850 ²3·
1210 797 1268 851 sip:
1311 777 1369 831 »Er
1393 777 1442 831 hat

269 901 303 938 zu
327 883 379 938 der
404 882 571 938 komischen
595 881 734 956 Gattung,
762 883 807 938 die
831 901 883 938 uns
908 883 1075 948 interessirt,
1102 901 1157 937 ron
1181 883 1256 939 allen
1280 885 1335 939 den
1352 883 1443 940 reich·

269 990 391 1058 lichsten
427 991 544 1064 Beitrag
578 988 742 1064 gelielertr.
799 1031 940 1044 .....
975 989 1188 1046 »Pherekrates
1225 990 1273 1045 liat
1309 988 1442 1064 fulgende

270 1095 566 1152 Marcheakomlidien
583 1096 791 1170 geschrieben:
814 1097 869 1153 Die
885 1096 990 1164 Guten,
1008 1097 1063 1152 Die
1077 1095 1202 1166 Wilden,
1220 1097 1275 1152 Die
1293 1095 1441 1166 Metallier,

270 1203 324 1259 Die
349 1202 642 1259 Ameisenmenschen
671 1203 727 1258 und
756 1203 811 1259 Die
841 1205 973 1259 Persen«
1035 1201 1094 1259 Sed
1128 1203 1211 1258 »Von
1235 1203 1290 1259 den
1315 1201 1442 1270 Gutear,

270 1311 358 1383 inquit
382 1311 453 1386 ipse,
495 1309 617 1365 »wissen
654 1309 706 1363 wir
742 1309 852 1366 lreilich
881 1311 955 1366 auch
984 1310 1064 1366 nicht
1087 1310 1175 1365 viel«.
1224 1309 1267 1366 De
1292 1309 1444 1365 Metallicis

271 1416 439 1473 Athenaeus
467 1415 532 1472 XV.
566 1413 627 1488 685
648 1435 691 1472 a.:
719 1417 750 1466 ‘0
772 1419 917 1483 πεποιηκὼς
940 1420 998 1473 tois
1020 1413 1056 1473 εἰς
1080 1417 1158 1470 αὐτὸν
1186 1419 1355 1488 (Φερεκράτη)
1380 1417 1443 1470 ἀνα·

270 1527 426 1594 φερομένους
448 1523 593 1579 Maallalr
615 1535 644 1578 et
668 1522 704 1577 de
720 1522 816 1578 Persis
840 1523 959 1578 ibidem:
985 1530 1030 1575 καὶ
1043 1525 1057 1576 ὖ
1070 1528 1230 1594 Φερεκράτης
1242 1523 1259 1590 ἢ
1272 1527 1287 1577 ὸ
1299 1525 1444 1588 πεποιηκὼς

269 1629 411 1701 vitiorium
432 1629 491 1686 τοὺς
517 1633 619 1702 Πέρσας
630 1629 661 1704 ¹).
712 1633 759 1691 tle
782 1629 1067 1705 Myrmecanthropis
1095 1648 1158 1685 cum
1187 1649 1223 1686 ne
1246 1628 1442 1686 credulissimo

270 1735 384 1812 quidem
413 1735 547 1791 Zielinski
575 1738 751 1813 persuaserit
779 1737 820 1812 (p.
849 1734 910 1808 28),
941 1754 995 1792 una
1024 1751 1115 1792 restat
1141 1736 1232 1812 Agrii.
1285 1735 1368 1805 Quae
1397 1753 1444 1790 co-

271 1843 394 1913 moedia,
430 1863 602 1919 quamquam
639 1843 705 1900 mihi
734 1844 770 1899 de
794 1845 854 1898 eius
878 1858 1049 1918 argumento
1073 1843 1199 1900 nonnihil
1224 1843 1356 1900 Zielinski
1381 1863 1444 1922 per-

271 1951 369 2020 suasit,
394 1962 499 2020 tamen,
522 1969 559 2006 an
575 1951 651 2006 omni
668 1950 850 2007 vellicatione
867 1950 969 2005 civium
986 1965 1015 2006 et
1032 1951 1248 2025 magistratuum
1264 1949 1442 2020 abstinuerit,

271 2058 382 2113 nescio:
419 2070 448 2112 et
482 2055 586 2132 fragm.
610 2055 628 2112 6
652 2069 682 2113 et
705 2056 808 2132 fragm.
832 2071 868 2127 14
893 2056 971 2113 olent
999 2057 1066 2113 illud
1090 2058 1214 2126 ὀνομαστὶ
1234 2057 1374 2127 κωμῳδεῖν,
1412 2058 1443 2114 ld

270 2164 362 2220 solum
386 2177 495 2219 certum
518 2177 572 2232 est,
597 2179 795 2238 argumentum
819 2163 964 2238 quoddam
989 2163 1075 2220 luisse
1099 2165 1193 2240 poetis
1217 2165 1360 2226 usitatum.
1385 2183 1444 2239 quo

270 2271 472 2346 protagonista
495 2271 563 2327 odio
588 2271 731 2327 hominum
755 2286 914 2326 commotus
939 2271 965 2325 in
986 2270 1166 2327 solitudinem
1182 2289 1214 2326 se
1231 2270 1362 2338 abderet,
1387 2290 1445 2346 quo

271 2391 442 2452 argumento
465 2377 656 2434 Pherecrates
684 2379 711 2432 in
737 2377 835 2451 Agriis
861 2395 929 2432 usus
952 2391 1005 2442 est,
1032 2377 1245 2454 Aristophanes
1270 2379 1295 2432 in
1321 2377 1441 2447 Avibus,

272 2498 301 2540 et
324 2485 347 2539 si
371 2484 438 2558 quid
466 2503 503 2539 ex
530 2485 594 2542 solo
618 2484 699 2540 titulo
728 2483 866 2558 colligere
895 2483 971 2552 licet,
1001 2484 1182 2558 Phrynichus
1207 2484 1234 2539 in
1260 2485 1442 2561 hlonotropo.

273 2591 406 2647 Ceterum
430 2591 525 2647 omnia
549 2609 624 2666 quae
648 2605 807 2647 tractantur
828 2591 984 2665 Agriorum
1009 2590 1171 2665 fragmenta
1195 2605 1262 2647 ante
1278 2590 1443 2667 parabasint

273 2698 366 2774 posita
391 2696 477 2754 luisse
501 2698 653 2754 verisimile
676 2698 798 2753 videtur.
846 2697 1008 2766 Quamnam
1034 2697 1148 2754 fabulae
1172 2700 1258 2754 luisse
1282 2697 1443 2754 uberiorem
1469 2739 1471 2743 -

272 2807 488 2862 exornationem
512 2819 597 2881 putas
621 2819 687 2882 post
715 2804 898 2881 parabasim?
934 2804 1045 2860 Eodem
1075 2805 1170 2877 modo,
1207 2807 1234 2860 ni
1259 2805 1351 2874 lallor,
1387 2825 1446 2879 quo

274 2913 299 2968 in
325 2911 436 2968 Avibus
461 2913 677 2968 Atheniensium
701 2931 748 2968 res
772 2911 888 2988 publica
912 2912 940 2965 in
964 2911 1105 2983 absentia,
1131 2927 1161 2968 ut
1177 2914 1215 2968 ita
1233 2912 1336 2980 dicam,
1362 2911 1445 2966 casti·

272 3031 342 3094 gata
366 3033 421 3075 est.

313 3154 319 3165 «
362 3125 505 3193 Zielinski,
530 3145 702 3201 quamquam
725 3145 760 3182 ex
777 3127 857 3183 titulo
874 3127 993 3182 chorum
1011 3124 1285 3202 theriomurphicum
1303 3125 1445 3180 indicante

274 3253 309 3288 ne
332 3248 441 3288 temere
465 3233 678 3308 paramythiam
703 3235 810 3289 divinet
834 3233 1014 3290 comoediam
1038 3233 1206 3308 plerumque
1230 3245 1324 3297 cavet,
1351 3243 1445 3286 tamen

274 3359 310 3395 ex
338 3339 391 3394 illis
419 3338 551 3396 versibus
576 3339 781 3416 Aristophanis
811 3340 897 3414 (Equ.
926 3357 985 3413 52²
1005 3341 1062 3414 sq.)
1092 3339 1229 3413 colligere
1253 3357 1310 3393 noa
1335 3337 1445 3393 dubitat

274 3447 438 3520 Magnetem
474 3445 559 3501 fuisse
594 3447 796 3521 paramythiae
831 3447 1000 3503 comoediae
1029 3458 1145 3522 poetam
1177 3446 1401 3520 antiquissimum
1411 3440 1443 3524 2).

275 3554 340 3622 Qua
377 3552 412 3608 de
440 3571 472 3608 re
502 3552 569 3626 quid
593 3554 713 3608 sentiam
737 3572 824 3629 supra
853 3555 983 3628 exposui,
1020 3571 1113 3627 neque
1142 3553 1228 3608 totius
1251 3552 1338 3607 libelli
1362 3570 1446 3626 argu-

275 3660 411 3716 mentatio
434 3672 478 3715 cst
502 3658 615 3728 idonea,
641 3677 715 3733 quae
735 3659 803 3714 mihi
819 3677 940 3735 pravam
957 3658 1052 3714 adhuc
1070 3658 1106 3714 de
1123 3659 1273 3714 comoedia
1290 3659 1445 3732 blagnetea

275 3765 398 3821 valuisse
433 3765 596 3841 opinionem
631 3766 816 3841 persuadeat.
867 3767 1000 3822 Attamen
1036 3767 1106 3821 satis
1135 3767 1207 3820 inest
1232 3765 1322 3821 meriti
1349 3766 1374 3819 in
1399 3785 1445 3834 eu,

349 3954 367 4020 ¹)
388 3957 502 4007 Meineke
522 3957 598 4019 (Hist.
617 3958 670 4008 crit.
690 3975 711 4007 c.
732 3961 761 4008 A.
781 3975 806 4022 p.
820 3960 853 4008 08
867 3957 935 4022 sqq.)
963 3959 1185 4021 grammaticorum
1214 3963 1325 4007 veterum
1353 3957 1447 4006 iudicio

276 4047 324 4095 levi
343 4051 442 4096 tantum
461 4047 629 4096 dubitationis
648 4047 833 4109 significatione
854 4063 927 4096 suum
947 4048 1077 4112 opposuit,
1097 4048 1132 4096 ita
1146 4055 1172 4096 ut
1185 4048 1217 4096 ad
1232 4061 1289 4096 eum
1303 4046 1447 4108 simpliciter

275 4149 415 4199 provocare
435 4135 477 4183 vix
496 4135 540 4184 Z'o
559 4136 640 4185 liceat.

347 4217 419 4286 ¹)cs.
439 4224 594 4288 Gliederung
617 4241 641 4288 p.
661 4227 719 4275 241.
744 4227 786 4275 ubi
812 4226 883 4274 addit
902 4225 1044 4290 „Schiipler
1062 4225 1095 4274 im
1115 4226 1218 4274 antiken
1238 4225 1341 4284 Sinne“‚
1367 4225 1400 4274 ita
1420 4234 1447 4274 ut

276 4313 350 4362 etiam
369 4313 535 4376 antiquiorem
554 4315 681 4377 Magnetis
700 4321 782 4364 aetate
802 4314 960 4364 comoediam
980 4315 1164 4378 paramytbiam
1184 4314 1260 4362 dicat.
