<?xml version="1.0" encoding="UTF-8"?>
<!DOCTYPE html PUBLIC "-//W3C//DTD XHTML 1.0 Transitional//EN"
    "http://www.w3.org/TR/xhtml1/DTD/xhtml1-transitional.dtd">
<html xmlns="http://www.w3.org/1999/xhtml" xml:lang="en" lang="en">
 <head>
  <title>
</title>
<meta http-equiv="Content-Type" content="text/html;charset=utf-8" />
  <meta name='ocr-system' content='tesseract 3.04.00' />
  <meta name='ocr-capabilities' content='ocr_page ocr_carea ocr_par ocr_line ocrx_word'/>
</head>
<body>
  <div class='ocr_page' id='page_1' title='image "./decomoediaeatti01poppgoog_0036.png"; bbox 0 0 3270 4684; ppageno 0'>
   <div class='ocr_carea' id='block_1_1' title="bbox 630 647 843 700">
    <p class='ocr_par' dir='ltr' id='par_1_1' title="bbox 630 647 843 700">
     <span class='ocr_line' id='line_1_1' title="bbox 630 647 843 700; baseline 0 -32"><span class='ocrx_word' id='word_1_1' title='bbox 630 647 843 700; x_wconf 56' lang='grc'>,3,-</span> 
     </span>
    </p>
   </div>
   <div class='ocr_carea' id='block_1_2' title="bbox 138 804 1353 3231">
    <p class='ocr_par' dir='ltr' id='par_1_2' title="bbox 138 804 1320 988">
     <span class='ocr_line' id='line_1_2' title="bbox 138 804 1320 884; baseline -0.003 -22"><span class='ocrx_word' id='word_1_2' title='bbox 138 808 261 884; x_wconf 86' lang='lat' dir='ltr'>cupiunt</span> <span class='ocrx_word' id='word_1_3' title='bbox 297 805 430 862; x_wconf 87' lang='lat' dir='ltr'>fabellam</span> <span class='ocrx_word' id='word_1_4' title='bbox 467 805 537 860; x_wconf 87' lang='lat' dir='ltr'>satis</span> <span class='ocrx_word' id='word_1_5' title='bbox 571 817 730 870; x_wconf 85' lang='lat' dir='ltr'>actuosam,</span> <span class='ocrx_word' id='word_1_6' title='bbox 766 822 839 879; x_wconf 89' lang='lat' dir='ltr'>quus</span> <span class='ocrx_word' id='word_1_7' title='bbox 875 805 995 860; x_wconf 89' lang='lat' dir='ltr'>irridere</span> <span class='ocrx_word' id='word_1_8' title='bbox 1025 804 1151 860; x_wconf 90' lang='lat' dir='ltr'>delectat</span> <span class='ocrx_word' id='word_1_9' title='bbox 1178 821 1320 879; x_wconf 77' lang='lat' dir='ltr'>personas</span> 
     </span>
     <span class='ocr_line' id='line_1_3' title="bbox 143 911 1319 988; baseline -0.003 -20"><span class='ocrx_word' id='word_1_10' title='bbox 143 914 305 970; x_wconf 82' lang='lat' dir='ltr'>immaniter</span> <span class='ocrx_word' id='word_1_11' title='bbox 328 913 543 988; x_wconf 80' lang='lat' dir='ltr'>gesticulantes,</span> <span class='ocrx_word' id='word_1_12' title='bbox 572 913 705 987; x_wconf 90' lang='lat' dir='ltr'>corporis</span> <span class='ocrx_word' id='word_1_13' title='bbox 730 912 812 980; x_wconf 89' lang='lat' dir='ltr'>vitiis,</span> <span class='ocrx_word' id='word_1_14' title='bbox 843 912 958 988; x_wconf 79' lang='lat' dir='ltr'>linguae</span> <span class='ocrx_word' id='word_1_15' title='bbox 987 911 1112 967; x_wconf 87' lang='lat' dir='ltr'>dialecto</span> <span class='ocrx_word' id='word_1_16' title='bbox 1136 911 1319 987; x_wconf 88' lang='lat' dir='ltr'>conspicuas.</span> 
     </span>
    </p>

    <p class='ocr_par' dir='ltr' id='par_1_3' title="bbox 141 1018 1353 2162">
     <span class='ocr_line' id='line_1_4' title="bbox 235 1018 1319 1094; baseline -0.006 -18"><span class='ocrx_word' id='word_1_17' title='bbox 235 1020 282 1076; x_wconf 93' lang='lat' dir='ltr'>Ad</span> <span class='ocrx_word' id='word_1_18' title='bbox 306 1021 398 1077; x_wconf 89' lang='lat' dir='ltr'>locum</span> <span class='ocrx_word' id='word_1_19' title='bbox 426 1019 571 1094; x_wconf 82' lang='lat' dir='ltr'>Anonymi</span> <span class='ocrx_word' id='word_1_20' title='bbox 594 1031 789 1075; x_wconf 84' lang='lat' dir='ltr'>revertamur:</span> <span class='ocrx_word' id='word_1_21' title='bbox 810 1019 1004 1088; x_wconf 71' lang='grc' dir='ltr'>Ἐπιγενὸμενος</span> <span class='ocrx_word' id='word_1_22' title='bbox 1023 1018 1051 1072; x_wconf 83' lang='grc' dir='ltr'>δὲ</span> <span class='ocrx_word' id='word_1_23' title='bbox 1069 1019 1083 1070; x_wconf 78' lang='lat' dir='ltr'>t</span> <span class='ocrx_word' id='word_1_24' title='bbox 1103 1022 1233 1088; x_wconf 71' lang='grc' dir='ltr'>Κρατῖνος</span> <span class='ocrx_word' id='word_1_25' title='bbox 1243 1059 1319 1070; x_wconf 90' lang='grc'>.....</span> 
     </span>
     <span class='ocr_line' id='line_1_5' title="bbox 144 1123 1320 1198; baseline 0 -18"><span class='ocrx_word' id='word_1_26' title='bbox 144 1131 179 1194; x_wconf 77' lang='grc' dir='ltr'>τῷ</span> <span class='ocrx_word' id='word_1_27' title='bbox 198 1129 313 1198; x_wconf 69' lang='grc' dir='ltr'>χαρίεντι</span> <span class='ocrx_word' id='word_1_28' title='bbox 330 1129 376 1194; x_wconf 67' lang='lat' dir='ltr'>ris</span> <span class='ocrx_word' id='word_1_29' title='bbox 393 1125 531 1196; x_wconf 67' lang='grc' dir='ltr'><strong><em>κωμῳδίας</em></strong></span> <span class='ocrx_word' id='word_1_30' title='bbox 548 1128 578 1180; x_wconf 85' lang='grc' dir='ltr'>τὸ</span> <span class='ocrx_word' id='word_1_31' title='bbox 596 1125 728 1194; x_wconf 76' lang='grc' dir='ltr'>ὠφέλιμον</span> <span class='ocrx_word' id='word_1_32' title='bbox 745 1128 916 1196; x_wconf 67' lang='grc' dir='ltr'>προσέθηκεν.</span> <span class='ocrx_word' id='word_1_33' title='bbox 950 1123 1063 1194; x_wconf 87' lang='lat' dir='ltr'>Quibus</span> <span class='ocrx_word' id='word_1_34' title='bbox 1086 1125 1184 1180; x_wconf 82' lang='lat' dir='ltr'>verbis</span> <span class='ocrx_word' id='word_1_35' title='bbox 1208 1126 1320 1181; x_wconf 88' lang='lat' dir='ltr'>minime</span> 
     </span>
     <span class='ocr_line' id='line_1_6' title="bbox 141 1231 1321 1308; baseline -0.002 -19"><span class='ocrx_word' id='word_1_36' title='bbox 141 1253 179 1289; x_wconf 91' lang='lat' dir='ltr'>ea</span> <span class='ocrx_word' id='word_1_37' title='bbox 204 1247 248 1289; x_wconf 90' lang='lat' dir='ltr'>est</span> <span class='ocrx_word' id='word_1_38' title='bbox 272 1234 413 1290; x_wconf 90' lang='lat' dir='ltr'>sententia</span> <span class='ocrx_word' id='word_1_39' title='bbox 437 1231 625 1300; x_wconf 87' lang='lat' dir='ltr'>subiicienda,</span> <span class='ocrx_word' id='word_1_40' title='bbox 650 1231 733 1306; x_wconf 81' lang='lat' dir='ltr'>quasi</span> <span class='ocrx_word' id='word_1_41' title='bbox 748 1232 856 1308; x_wconf 91' lang='lat' dir='ltr'>primus</span> <span class='ocrx_word' id='word_1_42' title='bbox 872 1231 1006 1288; x_wconf 85' lang='lat' dir='ltr'>Cratinus</span> <span class='ocrx_word' id='word_1_43' title='bbox 1024 1231 1174 1286; x_wconf 90' lang='lat' dir='ltr'>vellicandi</span> <span class='ocrx_word' id='word_1_44' title='bbox 1192 1231 1321 1288; x_wconf 88' lang='lat' dir='ltr'>homines</span> 
     </span>
     <span class='ocr_line' id='line_1_7' title="bbox 143 1337 1321 1416; baseline -0.003 -20"><span class='ocrx_word' id='word_1_45' title='bbox 143 1341 276 1416; x_wconf 85' lang='lat' dir='ltr'>privatos</span> <span class='ocrx_word' id='word_1_46' title='bbox 300 1353 329 1396; x_wconf 92' lang='lat' dir='ltr'>et</span> <span class='ocrx_word' id='word_1_47' title='bbox 353 1340 538 1414; x_wconf 84' lang='lat' dir='ltr'>magistratus</span> <span class='ocrx_word' id='word_1_48' title='bbox 562 1338 637 1394; x_wconf 92' lang='lat' dir='ltr'>illum</span> <span class='ocrx_word' id='word_1_49' title='bbox 662 1357 741 1393; x_wconf 90' lang='lat' dir='ltr'>usum</span> <span class='ocrx_word' id='word_1_50' title='bbox 766 1339 793 1393; x_wconf 93' lang='lat' dir='ltr'>in</span> <span class='ocrx_word' id='word_1_51' title='bbox 817 1339 996 1394; x_wconf 86' lang='lat' dir='ltr'>comoediam</span> <span class='ocrx_word' id='word_1_52' title='bbox 1022 1337 1172 1394; x_wconf 81' lang='lat' dir='ltr'>induxerit.</span> <span class='ocrx_word' id='word_1_53' title='bbox 1217 1339 1321 1393; x_wconf 92' lang='lat' dir='ltr'>Annon</span> 
     </span>
     <span class='ocr_line' id='line_1_8' title="bbox 144 1445 1322 1521; baseline -0.002 -20"><span class='ocrx_word' id='word_1_54' title='bbox 144 1461 225 1503; x_wconf 89' lang='lat' dir='ltr'>recte</span> <span class='ocrx_word' id='word_1_55' title='bbox 250 1447 438 1502; x_wconf 89' lang='lat' dir='ltr'>iudicavimus</span> <span class='ocrx_word' id='word_1_56' title='bbox 461 1465 525 1502; x_wconf 92' lang='lat' dir='ltr'>eum</span> <span class='ocrx_word' id='word_1_57' title='bbox 550 1463 658 1501; x_wconf 90' lang='lat' dir='ltr'>morem</span> <span class='ocrx_word' id='word_1_58' title='bbox 684 1445 710 1500; x_wconf 92' lang='lat' dir='ltr'>in</span> <span class='ocrx_word' id='word_1_59' title='bbox 735 1445 908 1501; x_wconf 84' lang='lat' dir='ltr'>carminibus</span> <span class='ocrx_word' id='word_1_60' title='bbox 932 1446 1069 1521; x_wconf 88' lang='lat' dir='ltr'>scopticis</span> <span class='ocrx_word' id='word_1_61' title='bbox 1085 1463 1232 1500; x_wconf 89' lang='lat' dir='ltr'>comorum</span> <span class='ocrx_word' id='word_1_62' title='bbox 1248 1464 1322 1520; x_wconf 90' lang='lat' dir='ltr'>quos</span> 
     </span>
     <span class='ocr_line' id='line_1_9' title="bbox 143 1551 1322 1630; baseline -0.003 -21"><span class='ocrx_word' id='word_1_63' title='bbox 143 1573 233 1630; x_wconf 84' lang='lat' dir='ltr'>supra</span> <span class='ocrx_word' id='word_1_64' title='bbox 270 1553 364 1630; x_wconf 89' lang='lat' dir='ltr'>pictos</span> <span class='ocrx_word' id='word_1_65' title='bbox 400 1552 584 1628; x_wconf 88' lang='lat' dir='ltr'>contemplati</span> <span class='ocrx_word' id='word_1_66' title='bbox 612 1571 708 1607; x_wconf 90' lang='lat' dir='ltr'>sumus</span> <span class='ocrx_word' id='word_1_67' title='bbox 736 1551 898 1607; x_wconf 88' lang='lat' dir='ltr'>iamdudum</span> <span class='ocrx_word' id='word_1_68' title='bbox 928 1552 1105 1608; x_wconf 83' lang='lat' dir='ltr'>constitisse?</span> <span class='ocrx_word' id='word_1_69' title='bbox 1154 1551 1322 1625; x_wconf 87' lang='lat' dir='ltr'>Anonymus</span> 
     </span>
     <span class='ocr_line' id='line_1_10' title="bbox 145 1658 1320 1735; baseline -0.002 -19"><span class='ocrx_word' id='word_1_70' title='bbox 145 1662 192 1716; x_wconf 82' lang='lat' dir='ltr'>vel</span> <span class='ocrx_word' id='word_1_71' title='bbox 222 1675 333 1727; x_wconf 82' lang='lat' dir='ltr'>auctor,</span> <span class='ocrx_word' id='word_1_72' title='bbox 363 1678 399 1716; x_wconf 87' lang='lat' dir='ltr'>ex</span> <span class='ocrx_word' id='word_1_73' title='bbox 423 1661 501 1714; x_wconf 90' lang='lat' dir='ltr'>cuius</span> <span class='ocrx_word' id='word_1_74' title='bbox 525 1658 605 1714; x_wconf 89' lang='lat' dir='ltr'>libris</span> <span class='ocrx_word' id='word_1_75' title='bbox 630 1658 676 1714; x_wconf 89' lang='lat' dir='ltr'>illa</span> <span class='ocrx_word' id='word_1_76' title='bbox 701 1659 802 1714; x_wconf 87' lang='lat' dir='ltr'>hausta</span> <span class='ocrx_word' id='word_1_77' title='bbox 828 1673 901 1728; x_wconf 85' lang='lat' dir='ltr'>sunt,</span> <span class='ocrx_word' id='word_1_78' title='bbox 939 1658 1007 1714; x_wconf 91' lang='lat' dir='ltr'>dicit</span> <span class='ocrx_word' id='word_1_79' title='bbox 1030 1659 1176 1714; x_wconf 86' lang='lat' dir='ltr'>Cratinum</span> <span class='ocrx_word' id='word_1_80' title='bbox 1201 1659 1320 1735; x_wconf 87' lang='lat' dir='ltr'>primum</span> 
     </span>
     <span class='ocr_line' id='line_1_11' title="bbox 144 1764 1321 1840; baseline 0 -19"><span class='ocrx_word' id='word_1_81' title='bbox 144 1767 222 1822; x_wconf 92' lang='lat' dir='ltr'>illam</span> <span class='ocrx_word' id='word_1_82' title='bbox 247 1785 363 1822; x_wconf 84' lang='lat' dir='ltr'>scenam</span> <span class='ocrx_word' id='word_1_83' title='bbox 388 1765 569 1822; x_wconf 90' lang='lat' dir='ltr'>ridicularem</span> <span class='ocrx_word' id='word_1_84' title='bbox 595 1766 632 1820; x_wconf 87' lang='lat' dir='ltr'>ita</span> <span class='ocrx_word' id='word_1_85' title='bbox 656 1764 833 1832; x_wconf 86' lang='lat' dir='ltr'>adhibuisse,</span> <span class='ocrx_word' id='word_1_86' title='bbox 858 1779 887 1820; x_wconf 88' lang='lat' dir='ltr'>ut</span> <span class='ocrx_word' id='word_1_87' title='bbox 909 1785 953 1834; x_wconf 89' lang='lat' dir='ltr'>ea,</span> <span class='ocrx_word' id='word_1_88' title='bbox 978 1765 1046 1840; x_wconf 92' lang='lat' dir='ltr'>quid</span> <span class='ocrx_word' id='word_1_89' title='bbox 1063 1765 1182 1822; x_wconf 88' lang='lat' dir='ltr'>duceret</span> <span class='ocrx_word' id='word_1_90' title='bbox 1197 1764 1264 1821; x_wconf 91' lang='lat' dir='ltr'>utile</span> <span class='ocrx_word' id='word_1_91' title='bbox 1280 1768 1321 1821; x_wconf 88' lang='lat' dir='ltr'>rei</span> 
     </span>
     <span class='ocr_line' id='line_1_12' title="bbox 145 1872 1322 1950; baseline -0.001 -22"><span class='ocrx_word' id='word_1_92' title='bbox 145 1873 291 1950; x_wconf 87' lang='lat' dir='ltr'>publicae,</span> <span class='ocrx_word' id='word_1_93' title='bbox 316 1874 479 1928; x_wconf 87' lang='lat' dir='ltr'>illustraret.</span> <span class='ocrx_word' id='word_1_94' title='bbox 526 1873 627 1947; x_wconf 84' lang='lat' dir='ltr'>Neque</span> <span class='ocrx_word' id='word_1_95' title='bbox 651 1872 708 1928; x_wconf 87' lang='lat' dir='ltr'>alio</span> <span class='ocrx_word' id='word_1_96' title='bbox 731 1885 869 1948; x_wconf 90' lang='lat' dir='ltr'>spectans</span> <span class='ocrx_word' id='word_1_97' title='bbox 893 1872 1114 1948; x_wconf 83' lang='lat' dir='ltr'>Aristophanes,</span> <span class='ocrx_word' id='word_1_98' title='bbox 1140 1873 1213 1928; x_wconf 91' lang='lat' dir='ltr'>sicut</span> <span class='ocrx_word' id='word_1_99' title='bbox 1236 1872 1322 1928; x_wconf 90' lang='lat' dir='ltr'>modo</span> 
     </span>
     <span class='ocr_line' id='line_1_13' title="bbox 142 1977 1353 2060; baseline -0.003 -23"><span class='ocrx_word' id='word_1_100' title='bbox 142 1982 374 2058; x_wconf 65' lang='lat' dir='ltr'>explanavimus</span> <span class='ocrx_word' id='word_1_101' title='bbox 401 1979 453 2034; x_wconf 92' lang='lat' dir='ltr'>illis</span> <span class='ocrx_word' id='word_1_102' title='bbox 478 1981 609 2056; x_wconf 90' lang='lat' dir='ltr'>personis</span> <span class='ocrx_word' id='word_1_103' title='bbox 633 1981 728 2048; x_wconf 90' lang='lat' dir='ltr'>utitur,</span> <span class='ocrx_word' id='word_1_104' title='bbox 754 1981 792 2034; x_wconf 88' lang='lat' dir='ltr'>ita</span> <span class='ocrx_word' id='word_1_105' title='bbox 816 1993 846 2034; x_wconf 91' lang='lat' dir='ltr'>ut</span> <span class='ocrx_word' id='word_1_106' title='bbox 870 1979 897 2034; x_wconf 91' lang='lat' dir='ltr'>in</span> <span class='ocrx_word' id='word_1_107' title='bbox 920 1981 1066 2054; x_wconf 86' lang='lat' dir='ltr'>utriusque</span> <span class='ocrx_word' id='word_1_108' title='bbox 1089 1991 1196 2054; x_wconf 89' lang='lat' dir='ltr'>poetae</span> <span class='ocrx_word' id='word_1_109' title='bbox 1220 1977 1323 2034; x_wconf 82' lang='lat' dir='ltr'>fabulis</span> <span class='ocrx_word' id='word_1_110' title='bbox 1348 2048 1353 2060; x_wconf 31' lang='grc' dir='ltr'>ι</span> 
     </span>
     <span class='ocr_line' id='line_1_14' title="bbox 145 2085 992 2162; baseline -0.005 -19"><span class='ocrx_word' id='word_1_111' title='bbox 145 2087 304 2143; x_wconf 87' lang='lat' dir='ltr'>simillimas</span> <span class='ocrx_word' id='word_1_112' title='bbox 328 2100 428 2162; x_wconf 90' lang='lat' dir='ltr'>partes</span> <span class='ocrx_word' id='word_1_113' title='bbox 452 2086 567 2142; x_wconf 73' lang='lat' dir='ltr'>infuisse</span> <span class='ocrx_word' id='word_1_114' title='bbox 592 2086 747 2142; x_wconf 84' lang='lat' dir='ltr'>admodum</span> <span class='ocrx_word' id='word_1_115' title='bbox 771 2085 924 2161; x_wconf 87' lang='lat' dir='ltr'>probabile</span> <span class='ocrx_word' id='word_1_116' title='bbox 947 2087 992 2140; x_wconf 90' lang='lat' dir='ltr'>sit.</span> 
     </span>
    </p>

    <p class='ocr_par' dir='ltr' id='par_1_4' title="bbox 142 2192 1322 2588">
     <span class='ocr_line' id='line_1_15' title="bbox 238 2192 1322 2267; baseline -0.002 -19"><span class='ocrx_word' id='word_1_117' title='bbox 238 2194 302 2250; x_wconf 87' lang='lat' dir='ltr'>Hoc</span> <span class='ocrx_word' id='word_1_118' title='bbox 338 2194 403 2249; x_wconf 92' lang='lat' dir='ltr'>loco</span> <span class='ocrx_word' id='word_1_119' title='bbox 432 2192 561 2248; x_wconf 84' lang='lat' dir='ltr'>breviter</span> <span class='ocrx_word' id='word_1_120' title='bbox 590 2211 707 2249; x_wconf 88' lang='lat' dir='ltr'>monere</span> <span class='ocrx_word' id='word_1_121' title='bbox 736 2194 813 2248; x_wconf 83' lang='lat' dir='ltr'>iuvat</span> <span class='ocrx_word' id='word_1_122' title='bbox 839 2192 941 2248; x_wconf 89' lang='lat' dir='ltr'>Avium</span> <span class='ocrx_word' id='word_1_123' title='bbox 966 2211 1013 2247; x_wconf 89' lang='lat' dir='ltr'>vv.</span> <span class='ocrx_word' id='word_1_124' title='bbox 1041 2208 1235 2267; x_wconf 82' lang='lat'>904—1057</span> <span class='ocrx_word' id='word_1_125' title='bbox 1267 2211 1322 2248; x_wconf 91' lang='lat' dir='ltr'>non</span> 
     </span>
     <span class='ocr_line' id='line_1_16' title="bbox 146 2298 1312 2375; baseline -0.003 -19"><span class='ocrx_word' id='word_1_126' title='bbox 146 2301 249 2356; x_wconf 88' lang='lat' dir='ltr'>tantuli</span> <span class='ocrx_word' id='word_1_127' title='bbox 261 2319 326 2356; x_wconf 91' lang='lat' dir='ltr'>esse</span> <span class='ocrx_word' id='word_1_128' title='bbox 343 2299 488 2367; x_wconf 88' lang='lat' dir='ltr'>momenti,</span> <span class='ocrx_word' id='word_1_129' title='bbox 505 2300 631 2374; x_wconf 87' lang='lat' dir='ltr'>quantuli</span> <span class='ocrx_word' id='word_1_130' title='bbox 646 2299 714 2355; x_wconf 89' lang='lat' dir='ltr'>dicit</span> <span class='ocrx_word' id='word_1_131' title='bbox 724 2299 856 2355; x_wconf 86' lang='lat' dir='ltr'>Zielinski</span> <span class='ocrx_word' id='word_1_132' title='bbox 870 2298 1159 2370; x_wconf 73' lang='lat' dir='ltr'>(Marchenkomddie</span> <span class='ocrx_word' id='word_1_133' title='bbox 1173 2321 1201 2375; x_wconf 89' lang='lat' dir='ltr'>p.</span> <span class='ocrx_word' id='word_1_134' title='bbox 1221 2319 1229 2354; x_wconf 94' lang='lat'>1</span> <span class='ocrx_word' id='word_1_135' title='bbox 1243 2319 1252 2354; x_wconf 93' lang='lat'><em>1</em></span> <span class='ocrx_word' id='word_1_136' title='bbox 1265 2300 1312 2374; x_wconf 87' lang='lat' dir='ltr'>sq)</span> 
     </span>
     <span class='ocr_line' id='line_1_17' title="bbox 143 2404 1322 2483; baseline -0.003 -20"><span class='ocrx_word' id='word_1_137' title='bbox 143 2407 199 2463; x_wconf 88' lang='lat' dir='ltr'>sed</span> <span class='ocrx_word' id='word_1_138' title='bbox 224 2425 260 2462; x_wconf 88' lang='lat' dir='ltr'>ea</span> <span class='ocrx_word' id='word_1_139' title='bbox 284 2419 377 2483; x_wconf 88' lang='lat' dir='ltr'>parte,</span> <span class='ocrx_word' id='word_1_140' title='bbox 402 2406 471 2480; x_wconf 91' lang='lat' dir='ltr'>quid</span> <span class='ocrx_word' id='word_1_141' title='bbox 495 2425 532 2462; x_wconf 83' lang='lat' dir='ltr'>ex</span> <span class='ocrx_word' id='word_1_142' title='bbox 555 2407 689 2461; x_wconf 84' lang='lat' dir='ltr'>universa</span> <span class='ocrx_word' id='word_1_143' title='bbox 714 2407 864 2462; x_wconf 87' lang='lat' dir='ltr'>comoedia</span> <span class='ocrx_word' id='word_1_144' title='bbox 889 2405 925 2462; x_wconf 90' lang='lat' dir='ltr'>de</span> <span class='ocrx_word' id='word_1_145' title='bbox 949 2425 980 2461; x_wconf 88' lang='lat' dir='ltr'>re</span> <span class='ocrx_word' id='word_1_146' title='bbox 1004 2404 1119 2482; x_wconf 86' lang='lat' dir='ltr'>publica</span> <span class='ocrx_word' id='word_1_147' title='bbox 1144 2405 1322 2462; x_wconf 84' lang='lat' dir='ltr'>efficiendum</span> 
     </span>
     <span class='ocr_line' id='line_1_18' title="bbox 142 2513 1220 2588; baseline -0.003 -18"><span class='ocrx_word' id='word_1_148' title='bbox 142 2515 194 2582; x_wconf 85' lang='lat' dir='ltr'>sit,</span> <span class='ocrx_word' id='word_1_149' title='bbox 220 2513 328 2582; x_wconf 89' lang='lat' dir='ltr'>doceri,</span> <span class='ocrx_word' id='word_1_150' title='bbox 354 2533 389 2568; x_wconf 90' lang='lat' dir='ltr'>ea</span> <span class='ocrx_word' id='word_1_151' title='bbox 414 2513 500 2588; x_wconf 84' lang='lat' dir='ltr'>igitur</span> <span class='ocrx_word' id='word_1_152' title='bbox 523 2527 605 2588; x_wconf 86' lang='lat' dir='ltr'>parte</span> <span class='ocrx_word' id='word_1_153' title='bbox 631 2528 719 2568; x_wconf 88' lang='lat' dir='ltr'>totam</span> <span class='ocrx_word' id='word_1_154' title='bbox 744 2513 923 2569; x_wconf 88' lang='lat' dir='ltr'>comoediam</span> <span class='ocrx_word' id='word_1_155' title='bbox 948 2514 1041 2568; x_wconf 88' lang='lat' dir='ltr'>notari</span> <span class='ocrx_word' id='word_1_156' title='bbox 1065 2513 1220 2588; x_wconf 87' lang='lat' dir='ltr'>politicam.</span> 
     </span>
    </p>

    <p class='ocr_par' dir='ltr' id='par_1_5' title="bbox 142 2619 1326 3231">
     <span class='ocr_line' id='line_1_19' title="bbox 241 2619 1324 2696; baseline -0.001 -20"><span class='ocrx_word' id='word_1_157' title='bbox 241 2620 375 2676; x_wconf 79' lang='lat' dir='ltr'>Attamen</span> <span class='ocrx_word' id='word_1_158' title='bbox 412 2621 499 2696; x_wconf 88' lang='lat' dir='ltr'>ipsius</span> <span class='ocrx_word' id='word_1_159' title='bbox 535 2621 624 2676; x_wconf 87' lang='lat' dir='ltr'>nostri</span> <span class='ocrx_word' id='word_1_160' title='bbox 662 2619 717 2675; x_wconf 91' lang='lat' dir='ltr'>loci</span> <span class='ocrx_word' id='word_1_161' title='bbox 745 2620 850 2676; x_wconf 87' lang='lat' dir='ltr'>exitum</span> <span class='ocrx_word' id='word_1_162' title='bbox 878 2619 1050 2695; x_wconf 85' lang='lat' dir='ltr'>obstrepere</span> <span class='ocrx_word' id='word_1_163' title='bbox 1074 2621 1116 2675; x_wconf 89' lang='lat' dir='ltr'>eis</span> <span class='ocrx_word' id='word_1_164' title='bbox 1139 2639 1213 2695; x_wconf 88' lang='lat' dir='ltr'>quae</span> <span class='ocrx_word' id='word_1_165' title='bbox 1237 2639 1254 2674; x_wconf 90' lang='lat' dir='ltr'>a</span> <span class='ocrx_word' id='word_1_166' title='bbox 1280 2639 1324 2676; x_wconf 89' lang='lat' dir='ltr'>me</span> 
     </span>
     <span class='ocr_line' id='line_1_20' title="bbox 142 2727 1325 2803; baseline -0.003 -20"><span class='ocrx_word' id='word_1_167' title='bbox 142 2728 281 2802; x_wconf 80' lang='lat' dir='ltr'>exposita</span> <span class='ocrx_word' id='word_1_168' title='bbox 297 2741 371 2796; x_wconf 93' lang='lat' dir='ltr'>sunt,</span> <span class='ocrx_word' id='word_1_169' title='bbox 398 2745 452 2782; x_wconf 92' lang='lat' dir='ltr'>non</span> <span class='ocrx_word' id='word_1_170' title='bbox 469 2727 530 2782; x_wconf 91' lang='lat' dir='ltr'>sine</span> <span class='ocrx_word' id='word_1_171' title='bbox 548 2727 608 2782; x_wconf 90' lang='lat' dir='ltr'>veri</span> <span class='ocrx_word' id='word_1_172' title='bbox 624 2727 722 2803; x_wconf 89' lang='lat' dir='ltr'>specie</span> <span class='ocrx_word' id='word_1_173' title='bbox 739 2727 879 2803; x_wconf 89' lang='lat' dir='ltr'>quispiam</span> <span class='ocrx_word' id='word_1_174' title='bbox 897 2727 987 2783; x_wconf 90' lang='lat' dir='ltr'>dicat:</span> <span class='ocrx_word' id='word_1_175' title='bbox 1014 2729 1044 2780; x_wconf 86' lang='lat'>‘0</span> <span class='ocrx_word' id='word_1_176' title='bbox 1062 2729 1151 2795; x_wconf 74' lang='grc' dir='ltr'><strong><em>μέντοι</em></strong></span> <span class='ocrx_word' id='word_1_177' title='bbox 1168 2747 1196 2797; x_wconf 74' lang='grc' dir='ltr'>γε</span> <span class='ocrx_word' id='word_1_178' title='bbox 1213 2728 1325 2800; x_wconf 74' lang='grc' dir='ltr'><em>Ἀριστο-</em></span> 
     </span>
     <span class='ocr_line' id='line_1_21' title="bbox 147 2833 1325 2905; baseline 0 -19"><span class='ocrx_word' id='word_1_179' title='bbox 147 2837 234 2902; x_wconf 75' lang='grc' dir='ltr'><strong><em>φάνης</em></strong></span> <span class='ocrx_word' id='word_1_180' title='bbox 256 2833 420 2903; x_wconf 66' lang='lat' dir='ltr'>arnaudum</span> <span class='ocrx_word' id='word_1_181' title='bbox 442 2836 623 2904; x_wconf 77' lang='grc' dir='ltr'>τεχνικώτερον</span> <span class='ocrx_word' id='word_1_182' title='bbox 645 2837 691 2900; x_wconf 76' lang='grc' dir='ltr'>τῆς</span> <span class='ocrx_word' id='word_1_183' title='bbox 714 2835 778 2902; x_wconf 75' lang='grc' dir='ltr'>μεθ’</span> <span class='ocrx_word' id='word_1_184' title='bbox 802 2835 892 2886; x_wconf 74' lang='grc' dir='ltr'><em>ἑαυτοῦ</em></span> <span class='ocrx_word' id='word_1_185' title='bbox 910 2834 958 2900; x_wconf 73' lang='grc' dir='ltr'>τὴν</span> <span class='ocrx_word' id='word_1_186' title='bbox 975 2833 1115 2904; x_wconf 75' lang='grc' dir='ltr'><strong><em>κωμῳδίαν</em></strong></span> <span class='ocrx_word' id='word_1_187' title='bbox 1134 2833 1280 2905; x_wconf 57' lang='lat' dir='ltr'>attamen</span> <span class='ocrx_word' id='word_1_188' title='bbox 1298 2836 1325 2888; x_wconf 74' lang='grc' dir='ltr'>ἐν</span> 
     </span>
     <span class='ocr_line' id='line_1_22' title="bbox 144 2935 1326 3012; baseline 0 -19"><span class='ocrx_word' id='word_1_189' title='bbox 144 2937 249 2993; x_wconf 70' lang='grc' dir='ltr'>ἅπασιν</span> <span class='ocrx_word' id='word_1_190' title='bbox 267 2939 361 3008; x_wconf 70' lang='grc' dir='ltr'><em>ὀφθεὶς</em></span> <span class='ocrx_word' id='word_1_191' title='bbox 380 2936 452 3002; x_wconf 69' lang='lat' dir='ltr'>niara,</span> <span class='ocrx_word' id='word_1_192' title='bbox 475 2947 521 2992; x_wconf 78' lang='grc' dir='ltr'>καὶ</span> <span class='ocrx_word' id='word_1_193' title='bbox 539 2935 605 2994; x_wconf 51' lang='lat' dir='ltr'>dani</span> <span class='ocrx_word' id='word_1_194' title='bbox 623 2942 712 2994; x_wconf 76' lang='grc' dir='ltr'><strong><em>πᾶσαν</em></strong></span> <span class='ocrx_word' id='word_1_195' title='bbox 730 2939 869 3008; x_wconf 71' lang='grc' dir='ltr'><strong><em>κωμῳδίαν</em></strong></span> <span class='ocrx_word' id='word_1_196' title='bbox 888 2940 1033 3009; x_wconf 73' lang='grc' dir='ltr'><em>ἐμελέτησε·</em></span> <span class='ocrx_word' id='word_1_197' title='bbox 1058 2947 1103 2993; x_wconf 81' lang='grc' dir='ltr'>καὶ</span> <span class='ocrx_word' id='word_1_198' title='bbox 1120 2943 1171 3012; x_wconf 77' lang='grc' dir='ltr'>γὰρ</span> <span class='ocrx_word' id='word_1_199' title='bbox 1188 2943 1218 2994; x_wconf 80' lang='grc' dir='ltr'>τὸ</span> <span class='ocrx_word' id='word_1_200' title='bbox 1235 2943 1326 2996; x_wconf 76' lang='lat' dir='ltr'>roiano</span> 
     </span>
     <span class='ocr_line' id='line_1_23' title="bbox 145 3045 1325 3124; baseline 0.001 -22"><span class='ocrx_word' id='word_1_201' title='bbox 145 3047 238 3118; x_wconf 74' lang='grc' dir='ltr'><strong><em>δρᾶμα</em></strong></span> <span class='ocrx_word' id='word_1_202' title='bbox 257 3047 403 3104; x_wconf 78' lang='grc' dir='ltr'><strong><em>ὁΙΙλυῦως</em></strong></span> <span class='ocrx_word' id='word_1_203' title='bbox 421 3047 475 3100; x_wconf 80' lang='grc' dir='ltr'><strong><em>κτλ.</em></strong></span> <span class='ocrx_word' id='word_1_204' title='bbox 512 3045 595 3115; x_wconf 87' lang='lat' dir='ltr'>Quae</span> <span class='ocrx_word' id='word_1_205' title='bbox 620 3045 712 3101; x_wconf 88' lang='lat' dir='ltr'>verba</span> <span class='ocrx_word' id='word_1_206' title='bbox 736 3046 819 3102; x_wconf 80' lang='lat' dir='ltr'>facile</span> <span class='ocrx_word' id='word_1_207' title='bbox 843 3047 906 3121; x_wconf 91' lang='lat' dir='ltr'>quis</span> <span class='ocrx_word' id='word_1_208' title='bbox 929 3047 1033 3103; x_wconf 86' lang='lat' dir='ltr'>adduci</span> <span class='ocrx_word' id='word_1_209' title='bbox 1058 3060 1163 3124; x_wconf 89' lang='lat' dir='ltr'>potest,</span> <span class='ocrx_word' id='word_1_210' title='bbox 1188 3059 1218 3102; x_wconf 93' lang='lat' dir='ltr'>ut</span> <span class='ocrx_word' id='word_1_211' title='bbox 1242 3047 1325 3103; x_wconf 87' lang='lat' dir='ltr'>inter-</span> 
     </span>
     <span class='ocr_line' id='line_1_24' title="bbox 147 3153 1323 3231; baseline -0.001 -22"><span class='ocrx_word' id='word_1_212' title='bbox 147 3167 279 3231; x_wconf 89' lang='lat' dir='ltr'>pretetur</span> <span class='ocrx_word' id='word_1_213' title='bbox 304 3155 351 3220; x_wconf 89' lang='lat' dir='ltr'>ita,</span> <span class='ocrx_word' id='word_1_214' title='bbox 388 3154 470 3227; x_wconf 87' lang='lat' dir='ltr'>quasi</span> <span class='ocrx_word' id='word_1_215' title='bbox 495 3153 542 3208; x_wconf 85' lang='lat' dir='ltr'>illa</span> <span class='ocrx_word' id='word_1_216' title='bbox 566 3154 661 3217; x_wconf 72' lang='grc' dir='ltr'><strong><em>ἀταξία</em></strong></span> <span class='ocrx_word' id='word_1_217' title='bbox 691 3154 800 3209; x_wconf 87' lang='lat' dir='ltr'>Cratini</span> <span class='ocrx_word' id='word_1_218' title='bbox 829 3153 867 3210; x_wconf 86' lang='lat' dir='ltr'>ab</span> <span class='ocrx_word' id='word_1_219' title='bbox 893 3154 1090 3230; x_wconf 84' lang='lat' dir='ltr'>Aristophane</span> <span class='ocrx_word' id='word_1_220' title='bbox 1117 3167 1254 3230; x_wconf 87' lang='lat' dir='ltr'>superata</span> <span class='ocrx_word' id='word_1_221' title='bbox 1278 3155 1323 3209; x_wconf 92' lang='lat' dir='ltr'>sit.</span> 
     </span>
    </p>
   </div>
   <div class='ocr_carea' id='block_1_3' title="bbox 147 3255 1324 3340">
    <p class='ocr_par' dir='ltr' id='par_1_6' title="bbox 147 3255 1324 3340">
     <span class='ocr_line' id='line_1_25' title="bbox 147 3255 1324 3340; baseline 0 -24"><span class='ocrx_word' id='word_1_222' title='bbox 147 3263 250 3336; x_wconf 81' lang='lat' dir='ltr'>Neque</span> <span class='ocrx_word' id='word_1_223' title='bbox 287 3261 399 3316; x_wconf 88' lang='lat' dir='ltr'>dubitat</span> <span class='ocrx_word' id='word_1_224' title='bbox 435 3261 579 3316; x_wconf 87' lang='lat' dir='ltr'>Brentano</span> <span class='ocrx_word' id='word_1_225' title='bbox 615 3257 841 3336; x_wconf 87' lang='lat' dir='ltr'>(Aristophanes</span> <span class='ocrx_word' id='word_1_226' title='bbox 869 3260 925 3316; x_wconf 92' lang='lat' dir='ltr'>und</span> <span class='ocrx_word' id='word_1_227' title='bbox 955 3259 1130 3316; x_wconf 88' lang='lat' dir='ltr'>Aristoteles</span> <span class='ocrx_word' id='word_1_228' title='bbox 1157 3258 1189 3315; x_wconf 89' lang='lat' dir='ltr'>S.</span> <span class='ocrx_word' id='word_1_229' title='bbox 1213 3255 1266 3340; x_wconf 85' lang='lat'>51)</span> <span class='ocrx_word' id='word_1_230' title='bbox 1289 3279 1324 3316; x_wconf 89' lang='lat' dir='ltr'>ea</span> 
     </span>
    </p>
   </div>
   <div class='ocr_carea' id='block_1_4' title="bbox 147 3366 1328 4404">
    <p class='ocr_par' dir='ltr' id='par_1_7' title="bbox 147 3366 1328 4404">
     <span class='ocr_line' id='line_1_26' title="bbox 150 3366 1324 3444; baseline 0 -21"><span class='ocrx_word' id='word_1_231' title='bbox 150 3369 241 3424; x_wconf 79' lang='lat' dir='ltr'>verba</span> <span class='ocrx_word' id='word_1_232' title='bbox 277 3368 402 3444; x_wconf 89' lang='lat' dir='ltr'>opinioni</span> <span class='ocrx_word' id='word_1_233' title='bbox 439 3385 519 3435; x_wconf 87' lang='lat' dir='ltr'>suae,</span> <span class='ocrx_word' id='word_1_234' title='bbox 557 3368 583 3421; x_wconf 91' lang='lat' dir='ltr'>in</span> <span class='ocrx_word' id='word_1_235' title='bbox 607 3367 812 3443; x_wconf 86' lang='lat' dir='ltr'>Aristophanis</span> <span class='ocrx_word' id='word_1_236' title='bbox 842 3386 917 3442; x_wconf 89' lang='lat' dir='ltr'>quae</span> <span class='ocrx_word' id='word_1_237' title='bbox 947 3380 1061 3423; x_wconf 88' lang='lat' dir='ltr'>exstant</span> <span class='ocrx_word' id='word_1_238' title='bbox 1085 3366 1188 3423; x_wconf 85' lang='lat' dir='ltr'>sabulis</span> <span class='ocrx_word' id='word_1_239' title='bbox 1211 3369 1324 3423; x_wconf 91' lang='lat' dir='ltr'>nimiam</span> 
     </span>
     <span class='ocr_line' id='line_1_27' title="bbox 150 3472 1325 3551; baseline 0 -21"><span class='ocrx_word' id='word_1_240' title='bbox 150 3475 293 3532; x_wconf 90' lang='lat' dir='ltr'>licentiam</span> <span class='ocrx_word' id='word_1_241' title='bbox 320 3494 376 3530; x_wconf 90' lang='lat' dir='ltr'>non</span> <span class='ocrx_word' id='word_1_242' title='bbox 401 3473 579 3530; x_wconf 88' lang='lat' dir='ltr'>tolerandam</span> <span class='ocrx_word' id='word_1_243' title='bbox 604 3492 678 3542; x_wconf 90' lang='lat' dir='ltr'>esse,</span> <span class='ocrx_word' id='word_1_244' title='bbox 703 3473 882 3530; x_wconf 86' lang='lat' dir='ltr'>firmamento</span> <span class='ocrx_word' id='word_1_245' title='bbox 906 3487 1030 3530; x_wconf 87' lang='lat' dir='ltr'>vertere.</span> <span class='ocrx_word' id='word_1_246' title='bbox 1070 3472 1325 3551; x_wconf 89' lang='lat' dir='ltr'>Supervacaneum</span> 
     </span>
     <span class='ocr_line' id='line_1_28' title="bbox 149 3580 1324 3657; baseline 0 -21"><span class='ocrx_word' id='word_1_247' title='bbox 149 3582 211 3638; x_wconf 88' lang='lat' dir='ltr'>lere</span> <span class='ocrx_word' id='word_1_248' title='bbox 235 3595 279 3637; x_wconf 88' lang='lat' dir='ltr'>est</span> <span class='ocrx_word' id='word_1_249' title='bbox 303 3581 431 3637; x_wconf 90' lang='lat' dir='ltr'>obiicere</span> <span class='ocrx_word' id='word_1_250' title='bbox 456 3580 530 3636; x_wconf 91' lang='lat' dir='ltr'>illum</span> <span class='ocrx_word' id='word_1_251' title='bbox 548 3581 753 3656; x_wconf 89' lang='lat' dir='ltr'>Aristophanis</span> <span class='ocrx_word' id='word_1_252' title='bbox 777 3581 864 3636; x_wconf 89' lang='lat' dir='ltr'>vitam</span> <span class='ocrx_word' id='word_1_253' title='bbox 885 3595 914 3637; x_wconf 91' lang='lat' dir='ltr'>et</span> <span class='ocrx_word' id='word_1_254' title='bbox 929 3594 1020 3637; x_wconf 92' lang='lat' dir='ltr'>artem</span> <span class='ocrx_word' id='word_1_255' title='bbox 1038 3599 1138 3657; x_wconf 89' lang='lat' dir='ltr'>parum</span> <span class='ocrx_word' id='word_1_256' title='bbox 1156 3581 1324 3657; x_wconf 83' lang='lat' dir='ltr'>intelligere,</span> 
     </span>
     <span class='ocr_line' id='line_1_29' title="bbox 147 3688 1325 3765; baseline -0.001 -20"><span class='ocrx_word' id='word_1_257' title='bbox 147 3691 198 3765; x_wconf 90' lang='lat' dir='ltr'>qui</span> <span class='ocrx_word' id='word_1_258' title='bbox 222 3690 355 3764; x_wconf 84' lang='lat' dir='ltr'>opinetur</span> <span class='ocrx_word' id='word_1_259' title='bbox 384 3707 446 3744; x_wconf 90' lang='lat' dir='ltr'>eum</span> <span class='ocrx_word' id='word_1_260' title='bbox 479 3688 577 3764; x_wconf 90' lang='lat' dir='ltr'>primis</span> <span class='ocrx_word' id='word_1_261' title='bbox 606 3689 700 3744; x_wconf 90' lang='lat' dir='ltr'>statim</span> <span class='ocrx_word' id='word_1_262' title='bbox 726 3688 883 3743; x_wconf 91' lang='lat' dir='ltr'>comoediis</span> <span class='ocrx_word' id='word_1_263' title='bbox 907 3688 1054 3764; x_wconf 87' lang='lat' dir='ltr'>proprium</span> <span class='ocrx_word' id='word_1_264' title='bbox 1078 3707 1159 3743; x_wconf 90' lang='lat' dir='ltr'>suum</span> <span class='ocrx_word' id='word_1_265' title='bbox 1184 3689 1325 3762; x_wconf 83' lang='lat' dir='ltr'>ingenium</span> 
     </span>
     <span class='ocr_line' id='line_1_30' title="bbox 149 3793 1325 3873; baseline -0.003 -22"><span class='ocrx_word' id='word_1_266' title='bbox 149 3797 300 3873; x_wconf 89' lang='lat' dir='ltr'>aperuisse</span> <span class='ocrx_word' id='word_1_267' title='bbox 325 3795 569 3870; x_wconf 88' lang='lat' dir='ltr'>conspicuumque</span> <span class='ocrx_word' id='word_1_268' title='bbox 598 3793 709 3850; x_wconf 84' lang='lat' dir='ltr'>fecisse.</span> <span class='ocrx_word' id='word_1_269' title='bbox 759 3795 788 3848; x_wconf 96' lang='lat' dir='ltr'>ln</span> <span class='ocrx_word' id='word_1_270' title='bbox 814 3793 1052 3850; x_wconf 89' lang='lat' dir='ltr'>Acharnensibus</span> <span class='ocrx_word' id='word_1_271' title='bbox 1080 3795 1116 3849; x_wconf 86' lang='lat' dir='ltr'>ad</span> <span class='ocrx_word' id='word_1_272' title='bbox 1141 3794 1325 3850; x_wconf 86' lang='lat' dir='ltr'>imitationem</span> 
     </span>
     <span class='ocr_line' id='line_1_31' title="bbox 147 3900 1327 3978; baseline -0.003 -19"><span class='ocrx_word' id='word_1_273' title='bbox 147 3903 261 3960; x_wconf 87' lang='lat' dir='ltr'>Cratini</span> <span class='ocrx_word' id='word_1_274' title='bbox 295 3921 328 3958; x_wconf 89' lang='lat' dir='ltr'>se</span> <span class='ocrx_word' id='word_1_275' title='bbox 357 3901 519 3978; x_wconf 88' lang='lat' dir='ltr'>composuit</span> <span class='ocrx_word' id='word_1_276' title='bbox 543 3901 770 3977; x_wconf 72' lang='lat' dir='ltr'>Aristophanes,</span> <span class='ocrx_word' id='word_1_277' title='bbox 807 3900 905 3957; x_wconf 89' lang='lat' dir='ltr'>verbis</span> <span class='ocrx_word' id='word_1_278' title='bbox 928 3919 1000 3957; x_wconf 88' lang='lat' dir='ltr'>vero</span> <span class='ocrx_word' id='word_1_279' title='bbox 1025 3901 1188 3970; x_wconf 64' lang='grc' dir='ltr'>μινθοδεὺσας</span> <span class='ocrx_word' id='word_1_280' title='bbox 1209 3905 1327 3969; x_wconf 73' lang='grc' dir='ltr'><strong><em>τεχνικώ-</em></strong></span> 
     </span>
     <span class='ocr_line' id='line_1_32' title="bbox 148 4008 1327 4083; baseline 0 -20"><span class='ocrx_word' id='word_1_281' title='bbox 148 4031 225 4080; x_wconf 75' lang='grc' dir='ltr'><em>τερον</em></span> <span class='ocrx_word' id='word_1_282' title='bbox 248 4011 293 4076; x_wconf 72' lang='grc' dir='ltr'>τῆς</span> <span class='ocrx_word' id='word_1_283' title='bbox 315 4010 380 4078; x_wconf 72' lang='grc' dir='ltr'>μεθ’</span> <span class='ocrx_word' id='word_1_284' title='bbox 404 4010 494 4062; x_wconf 66' lang='grc' dir='ltr'>ἑαυτοῦ</span> <span class='ocrx_word' id='word_1_285' title='bbox 516 4010 564 4075; x_wconf 76' lang='grc' dir='ltr'>τὴν</span> <span class='ocrx_word' id='word_1_286' title='bbox 588 4009 727 4078; x_wconf 72' lang='grc' dir='ltr'>κωμῳδίαν</span> <span class='ocrx_word' id='word_1_287' title='bbox 750 4008 883 4063; x_wconf 88' lang='lat' dir='ltr'>alluditur</span> <span class='ocrx_word' id='word_1_288' title='bbox 911 4008 948 4064; x_wconf 88' lang='lat' dir='ltr'>ad</span> <span class='ocrx_word' id='word_1_289' title='bbox 976 4027 1027 4064; x_wconf 87' lang='lat' dir='ltr'>eas</span> <span class='ocrx_word' id='word_1_290' title='bbox 1051 4008 1226 4074; x_wconf 88' lang='lat' dir='ltr'>comoedias,</span> <span class='ocrx_word' id='word_1_291' title='bbox 1254 4027 1327 4083; x_wconf 88' lang='lat' dir='ltr'>quas</span> 
     </span>
     <span class='ocr_line' id='line_1_33' title="bbox 150 4113 1326 4192; baseline -0.002 -20"><span class='ocrx_word' id='word_1_292' title='bbox 150 4114 249 4172; x_wconf 87' lang='lat' dir='ltr'>labula</span> <span class='ocrx_word' id='word_1_293' title='bbox 285 4113 441 4172; x_wconf 89' lang='lat' dir='ltr'>artificiose</span> <span class='ocrx_word' id='word_1_294' title='bbox 475 4115 636 4192; x_wconf 86' lang='lat' dir='ltr'>composita</span> <span class='ocrx_word' id='word_1_295' title='bbox 672 4129 759 4192; x_wconf 89' lang='lat' dir='ltr'>poeta</span> <span class='ocrx_word' id='word_1_296' title='bbox 787 4115 910 4185; x_wconf 89' lang='lat' dir='ltr'>ornavit,</span> <span class='ocrx_word' id='word_1_297' title='bbox 948 4117 987 4170; x_wconf 89' lang='lat' dir='ltr'>ita</span> <span class='ocrx_word' id='word_1_298' title='bbox 1014 4129 1044 4171; x_wconf 92' lang='lat' dir='ltr'>ut</span> <span class='ocrx_word' id='word_1_299' title='bbox 1072 4114 1189 4191; x_wconf 90' lang='lat' dir='ltr'>politica</span> <span class='ocrx_word' id='word_1_300' title='bbox 1211 4115 1326 4190; x_wconf 90' lang='lat' dir='ltr'>quidem</span> 
     </span>
     <span class='ocr_line' id='line_1_34' title="bbox 147 4221 1326 4298; baseline 0 -20"><span class='ocrx_word' id='word_1_301' title='bbox 147 4221 302 4280; x_wconf 86' lang='lat' dir='ltr'>comoedia</span> <span class='ocrx_word' id='word_1_302' title='bbox 332 4224 380 4278; x_wconf 83' lang='lat' dir='ltr'>vix</span> <span class='ocrx_word' id='word_1_303' title='bbox 410 4221 541 4290; x_wconf 89' lang='lat' dir='ltr'>haberet,</span> <span class='ocrx_word' id='word_1_304' title='bbox 577 4243 635 4297; x_wconf 91' lang='lat' dir='ltr'>quo</span> <span class='ocrx_word' id='word_1_305' title='bbox 664 4223 736 4278; x_wconf 88' lang='lat' dir='ltr'>ultra</span> <span class='ocrx_word' id='word_1_306' title='bbox 766 4221 949 4298; x_wconf 87' lang='lat' dir='ltr'>procederet.</span> <span class='ocrx_word' id='word_1_307' title='bbox 1002 4223 1078 4278; x_wconf 89' lang='lat' dir='ltr'>Inter</span> <span class='ocrx_word' id='word_1_308' title='bbox 1105 4240 1178 4297; x_wconf 91' lang='lat' dir='ltr'>quas</span> <span class='ocrx_word' id='word_1_309' title='bbox 1206 4221 1326 4298; x_wconf 90' lang='lat' dir='ltr'>primurn</span> 
     </span>
     <span class='ocr_line' id='line_1_35' title="bbox 151 4327 1328 4404; baseline 0.001 -20"><span class='ocrx_word' id='word_1_310' title='bbox 151 4331 247 4386; x_wconf 89' lang='lat' dir='ltr'>locum</span> <span class='ocrx_word' id='word_1_311' title='bbox 282 4343 381 4386; x_wconf 89' lang='lat' dir='ltr'>tenent</span> <span class='ocrx_word' id='word_1_312' title='bbox 409 4329 538 4404; x_wconf 85' lang='lat' dir='ltr'>Equites.</span> <span class='ocrx_word' id='word_1_313' title='bbox 591 4327 744 4404; x_wconf 80' lang='lat' dir='ltr'>Singulare</span> <span class='ocrx_word' id='word_1_314' title='bbox 781 4327 848 4383; x_wconf 93' lang='lat' dir='ltr'>illud</span> <span class='ocrx_word' id='word_1_315' title='bbox 882 4330 909 4384; x_wconf 92' lang='lat' dir='ltr'>in</span> <span class='ocrx_word' id='word_1_316' title='bbox 938 4347 972 4384; x_wconf 90' lang='lat' dir='ltr'>ea</span> <span class='ocrx_word' id='word_1_317' title='bbox 1002 4328 1153 4385; x_wconf 88' lang='lat' dir='ltr'>comoedia</span> <span class='ocrx_word' id='word_1_318' title='bbox 1182 4329 1328 4385; x_wconf 86' lang='lat' dir='ltr'>innovavit</span> 
     </span>
    </p>
   </div>
   <div class='ocr_carea' id='block_1_5' title="bbox 0 92 1651 4676">
    <p class='ocr_par' dir='ltr' id='par_1_8' title="bbox 0 92 1651 4676">
     <span class='ocr_line' id='line_1_36' title="bbox 0 92 1651 4676; baseline 0 0"><span class='ocrx_word' id='word_1_319' title='bbox 0 92 1651 4676; x_wconf 95' lang='lat' dir='ltr'> </span> 
     </span>
    </p>
   </div>
  </div>
 </body>
</html>
